3076 5020
279 331 320 390 28
487 331 517 387 Ο.
544 330 595 386 DE
613 329 739 400 QUINTI
757 331 949 390 SMYRNAEI
966 331 1215 388 HIPPODROMO.

279 504 361 570 libro
385 507 450 576 (vv.
474 504 632 582 755-62)
660 505 852 572 referuntur:
880 526 955 572 nom
978 507 1172 572 immortales
1195 512 1268 572 sunt
1289 510 1331 580 (v.
1355 510 1429 570 757.

280 604 356 669 VIII
371 607 421 669 27.
444 605 493 670 IX
508 607 579 670 215.
602 605 766 672 11.Ρ176.
786 609 946 684 ζ11177111
988 608 1188 674 immortales
1210 614 1318 673 antem
1333 609 1430 674 Pelo

279 707 329 790 pis
360 725 487 790 quoque
515 709 590 790 equi
617 708 717 776 inisse
745 709 897 776 censendi
926 717 999 776 sunt
1027 711 1147 793 qnippe
1174 730 1195 775 a
1222 708 1284 776 deo
1307 709 1429 776 donati.

278 809 316 872 Il.
343 809 638 876 recenseremus
667 811 709 876 ab
731 812 983 895 Agamemnonis
1003 809 1110 876 Aethe
1137 817 1170 876 ot
1197 830 1255 877 sno
1278 810 1429 893 Podargo

278 907 415 975 vehitur.
463 910 591 978 Aethon
619 913 842 996 Agamemnon
869 913 911 978 ab
940 911 1105 996 Eehepolo
1135 913 1221 979 dono
1248 919 1428 996 acceperat,

278 1017 473 1095 quapropter
493 1012 537 1078 ad
558 1019 701 1080 nostrum
721 1015 828 1080 locum
850 1034 913 1080 non
935 1013 1080 1097 quadrat
1118 1013 1225 1082 Etiam
1246 1014 1279 1078 in
1301 1014 1428 1095 lacuna,

278 1132 361 1195 quae
389 1120 463 1198 post
484 1133 611 1183 versum
635 1119 696 1181 573
725 1115 810 1200 hiat,
841 1115 883 1182 de
909 1115 1103 1182 hereditario
1133 1135 1215 1198 equo
1244 1115 1285 1180 ab
1307 1115 1428 1180 Arione

278 1216 335 1281 illo
357 1223 427 1282 orto
449 1236 553 1283 sermo
575 1217 645 1283 fuit.

363 1317 400 1383 V.
418 1320 479 1381 525
502 1337 543 1385 ex
557 1319 660 1403 ipsius
674 1319 813 1385 Menelai
831 1319 928 1385 laude
944 1320 1102 1402 reliquum
1118 1339 1188 1386 esse
1208 1319 1304 1385 oredo
1321 1318 1427 1398 (Simi-

278 1423 351 1486 liter
372 1421 409 1486 Il.
425 1424 464 1483 X
476 1423 536 1484 241
561 1420 603 1486 de
617 1420 760 1487 Achille:
782 1431 875 1486 τοῖον
896 1417 958 1504 γὰρ
981 1414 1247 1505 ὑποτρομέουσιν
1269 1416 1427 1496 ἅπαντες.

278 1522 333 1588 cfr.
357 1521 505 1606 Koechly
526 1520 655 1601 adnot).

363 1624 407 1690 Ut
427 1624 515 1706 apud
536 1625 726 1708 Homerum,
760 1625 900 1707 quinque
921 1624 965 1691 ad
988 1644 1134 1691 cumunm
1163 1631 1324 1690 certamen
1353 1645 1425 1691 con-

278 1731 420 1808 surgunt,
444 1727 522 1807 quin
536 1727 633 1792 etiam
648 1746 690 1792 ex
704 1734 795 1810 parte
811 1726 910 1792 iidem
926 1733 999 1793 sunt
1013 1733 1110 1809 atque
1124 1727 1202 1808 illic,
1224 1731 1260 1790 nt
1274 1725 1427 1792 Eumelus

278 1833 311 1892 et
324 1827 505 1893 Menelaus:
527 1826 717 1894 Antilochus
740 1827 868 1894 interim
889 1829 923 1893 in
945 1848 1054 1912 pugna
1075 1828 1192 1894 cecidit
1210 1825 1283 1904 (Qu.
1299 1826 1425 1911 Smym.

277 1929 510 1994 11256-400.
535 1931 618 2006 447).
662 1929 725 1995 Hic
747 1929 857 2012 quinio
880 1931 913 1994 in
936 1930 1087 2014 mythicis
1110 1929 1337 1996 certaminibus
1358 1929 1426 1994 iere

279 2037 427 2097 constans
449 2037 512 2096 est:
542 2037 577 2096 ut
597 2031 684 2115 apud
706 2031 854 2097 Nonnum
879 2031 1049 2107 (XXXVII
1066 2034 1239 2113 154-73),
1262 2032 1309 2098 sie
1331 2032 1425 2097 etiam

277 2133 311 2198 in
331 2132 443 2198 Peliae
471 2132 556 2200 ludis
583 2134 770 2200 funebribus
798 2133 905 2212 (Pauo.
927 2133 955 2199 V
980 2137 1028 2216 17,
1051 2137 1083 2212 9)
1110 2134 1257 2200 occurrit.
1301 2131 1364 2210 Qui
1393 2133 1424 2196 in

278 2232 372 2300 Statii
394 2234 571 2301 Thebaidis
586 2233 632 2301 VI
647 2239 794 2301 eol-50
817 2237 849 2300 in
872 2255 1002 2302 arenam
1021 2234 1228 2320 descendunt,
1251 2235 1282 2300 ei
1303 2240 1424 2317 septem

277 2342 402 2420 septem
425 2343 536 2403 contre
556 2336 687 2404 Thebes
710 2337 845 2404 ducibus
867 2337 1100 2422 respondenti)

363 2438 475 2506 Solent
502 2444 550 2505 tot
577 2438 620 2505 ad
649 2445 811 2506 certamen
840 2459 1048 2523 consurgere,
1079 2444 1157 2522 quot
1179 2439 1328 2520 exposita
1355 2445 1426 2504 sunt

277 2543 436 2624 praemia,
465 2546 501 2605 ut
522 2542 666 2623 quisquis
688 2541 857 2608 honestum
879 2543 912 2606 in
934 2542 1065 2607 modum
1087 2540 1129 2606 ad
1151 2539 1248 2605 finem
1269 2539 1426 2623 pervenit,

276 2644 453 2724 praemium
468 2643 607 2725 accipiat
620 2644 688 2719 (cfr.
701 2642 796 2726 Verg.
808 2645 888 2710 Aen.
902 2645 930 2709 V
942 2648 1019 2710 305:
1042 2644 1145 2709 Nemo
1162 2663 1204 2708 ex
1219 2641 1280 2707 hoo
1294 2661 1425 2706 numero

276 2743 356 2810 mihi
367 2764 430 2809 non
442 2743 579 2810 donatus
590 2744 713 2822 abibit).
735 2741 1427 2830 Praemiorumpretiaaprimoadintimum

277 2847 473 2912 decrescunt.
518 2846 627 2928 Equus
648 2847 822 2914 secundnm
845 2848 989 2914 ordinem
1013 2849 1136 2914 obtinet
1156 2846 1207 2926 (Il.
1230 2847 1339 2909 111265
1350 2845 1427 2928 sq.³)

276 2949 381 3016 Nonn.
394 2948 553 3014 XXXVII
565 2952 621 3012 121
632 2967 702 3032 sqq.
719 2956 752 3015 et
766 2952 838 3015 617.
862 2951 957 3033 Verg.
969 2952 1049 3016 Aen.
1062 2950 1091 3014 V
1103 2952 1165 3015 310
1181 2956 1214 3016 et
1229 2948 1308 3014 Stat.
1322 2949 1426 3015 Theb.

277 3051 322 3117 VI
337 3053 399 3115 644
424 3052 562 3134 primum
585 3051 707 3117 obtinet
727 3052 856 3126 locum).
901 3051 996 3136 Apud
1019 3050 1172 3129 Quintum
1194 3058 1301 3116 autem
1323 3052 1428 3134 primo

277 3155 364 3221 solus
379 3155 482 3220 victor
497 3153 660 3218 Menelaus
675 3155 819 3235 praemio
834 3161 963 3219 ornatur
979 3156 1044 3233 (vv.
1061 3155 1230 3237 541-44),
1246 3155 1344 3219 ceteri
1360 3174 1426 3220 om·

276 3275 333 3322 nes
355 3254 452 3321 finitis
475 3254 602 3321 demum
626 3256 852 3321 certationibus
875 3256 917 3333 (v.
934 3257 1024 3337 589),
1052 3255 1139 3338 apud
1161 3253 1300 3320 Statium
1322 3254 1426 3322 Theb.

278 3357 480 3422 v1530-49
495 3358 616 3439 primus
631 3363 663 3422 et
678 3355 845 3438 secundus,
860 3357 947 3439 apud
959 3357 1135 3440 Vergilium
1146 3359 1166 3422 l.
1178 3358 1200 3421 l.
1212 3377 1265 3423 vv.
1279 3359 1427 3422 310-15

275 3459 407 3542 primus,
429 3460 597 3542 secundus,
620 3459 742 3524 tertius.

363 3595 388 3657 1)
406 3589 461 3644 ctr.
481 3592 562 3646 etiam
580 3592 648 3646 sot.
668 3591 753 3646 Theb.
772 3591 811 3645 vl
828 3594 956 3646 311-15.

362 3681 388 3744 2)
404 3676 547 3731 Pedestres
566 3691 690 3731 cursores
708 3677 736 3729 in
748 3676 858 3730 Homeri
874 3675 967 3730 Iliadis
983 3679 1012 3732 Ψ
1021 3680 1138 3731 754-57
1156 3681 1212 3730 tres
1231 3682 1345 3744 certem,
1362 3677 1427 3732 toti·

154 3803 158 3814 .
276 3762 336 3818 dem
359 3761 432 3832 apud
449 3761 576 3817 Nonnum
593 3763 672 3817 Dion.
691 3761 822 3817 XXXVII
839 3765 963 3831 bllsqq„
987 3761 1060 3830 apud
1082 3760 1210 3830 Quintum
1232 3761 1338 3817 ivise
1362 3762 1424 3828 duo,

275 3847 304 3900 ln
322 3847 419 3915 quibus
431 3847 503 3900 Aiax
514 3847 668 3914 Locrensis,
686 3848 733 3917 qui
749 3848 802 3901 ium
820 3848 848 3900 in
865 3847 950 3901 lhade
969 3847 1087 3910 certavit,
1104 3846 1134 3900 ln
1152 3845 1242 3899 Peliae
1259 3846 1329 3902 ludis
1346 3847 1424 3901 fune·

275 3931 371 3986 bribus
393 3931 511 4000 quinque
528 3931 619 3997 (Pauo.
638 3932 663 3986 V
683 3938 721 3999 17,
741 3936 780 3999 9),
802 3933 831 3986 in
850 3932 951 4000 Vergili
969 3932 1088 3986 Aeneide
1106 3931 1130 3983 V
1148 3934 1284 3986 293-302
1302 3937 1329 3986 et
1347 3932 1426 3988 Statii

276 4016 415 4072 Thebaide
432 4016 471 4071 vl
489 4022 537 4071 uso
555 4016 640 4071 multi.
706 4009 708 4015 '

361 4108 386 4169 31
405 4103 461 4157 cfr.
480 4102 591 4157 scholia.
