3072 5012
680 1299 715 1364 0.

383 1447 443 1529 llll
471 1447 706 1532 MENSURIS
735 1449 1014 1534 QUIBUSDAM.

202 1649 287 1717 Nolo
303 1653 363 1720 hoc
380 1655 520 1736 capitulo
536 1653 700 1721 difficilem
716 1656 757 1722 de
780 1657 936 1723 mensuris
955 1654 1158 1738 hippodromi
1174 1675 1269 1738 quae·

107 1752 254 1817 stioncm
276 1754 417 1822 funditus
439 1763 628 1840 retractare,
652 1757 883 1841 sedquoniam
908 1757 1134 1840 Olympiacam
1158 1756 1269 1841 hippo·

107 1852 273 1939 dromum,
297 1856 425 1939 qualem
440 1859 547 1923 animo
562 1857 641 1922 mihi
658 1857 753 1943 fingo,
778 1861 809 1924 in
833 1859 943 1925 tabula
958 1859 1122 1924 delineare
1138 1866 1270 1926 conatus

106 1974 195 2039 sum,
212 1956 254 2022 de
269 1959 435 2042 mensuris,
452 1960 567 2041 quibus
583 1961 616 2024 in
631 1959 692 2026 hac
707 1962 815 2043 specie
830 1981 905 2026 usus
918 1981 997 2043 sum,
1012 1981 1116 2044 panca
1131 1961 1271 2028 dicenda

106 2058 262 2124 arbitror.

199 2162 248 2228 Ac
270 2162 572 2246 longitudinem
589 2162 718 2245 quidem
735 2164 848 2246 spinae
863 2163 999 2228 duorum
1015 2162 1191 2228 stadiorum
1205 2165 1269 2231 ieci

106 2261 170 2344 (=
186 2267 247 2328 370
263 2269 315 2340 m).
359 2264 561 2330 Pedestrium
584 2266 669 2329 enim
693 2285 856 2331 cursorum
878 2257 1036 2339 ὁῖππιος
1053 2261 1176 2348 δρόμος
1198 2267 1268 2333 sive

106 2362 150 2430 τὸ
183 2363 326 2431 ἱππικὸν
355 2365 418 2431 duo
449 2372 540 2430 erant
567 2366 668 2432 diauli
697 2369 750 2433 vel
779 2372 928 2447 quattuor
951 2365 1059 2431 stadia
1081 2372 1161 2432 teste
1185 2368 1268 2434 Pau·

107 2469 207 2533 sauia
228 2469 412 2553 (V116,4):
443 2464 590 2548 »δρόμου
620 2467 657 2532 δέ
686 2465 752 2532 εἰσι
773 2468 833 2530 τοῦ
855 2465 979 2530 ἱππίου
1008 2468 1111 2554 μῆκος
1133 2465 1193 2548 μὲν
1217 2467 1267 2533 δί-

109 2569 211 2634 αυλοι
240 2567 329 2633 ddo“.
369 2562 522 2635 Ἱππικὸν
552 2577 659 2635 autem
688 2570 762 2636 ideo
791 2569 988 2635 nominatum
1016 2576 1081 2653 est,
1111 2573 1188 2654 quia
1208 2593 1268 2655 par

107 2680 182 2739 erat
209 2673 264 2737 uni
293 2691 446 2754 equorum
475 2673 649 2757 curriculo,
680 2672 766 2756 quod
794 2673 836 2737 ab
865 2671 1015 2738 interiore
1037 2678 1125 2739 meta
1147 2675 1267 2741 circum

108 2774 304 2840 exteriorem
327 2773 371 2838 ad
392 2775 481 2838 illam
504 2781 588 2840 retro
611 2777 841 2858 percurrebant
862 2772 929 2850 (cfr.
946 2774 1072 2840 Krause
1095 2775 1210 2859 Gymn.
1235 2785 1266 2842 et

106 2878 214 2958 Agon.
239 2896 268 2958 p.
288 2879 449 2958 161sqq.)·
481 2875 516 2941 Si
539 2878 632 2942 unius
655 2883 777 2942 tantum
799 2874 896 2941 stadii
919 2876 1012 2957 spina
1033 2876 1154 2961 fuisset,
1179 2879 1265 2960 quod

107 2978 244 3060 quidam
265 2984 401 3061 ponunt,
425 2998 488 3043 non
511 2979 722 3061 intellegitur,
745 2979 800 3060 qui
823 2983 973 3058 quattuor
994 2978 1170 3044 stadiorum
1192 3000 1264 3063 spa-

107 3081 192 3145 tium
215 3075 357 3143 ἱππικὸν
380 3081 579 3163 appellatum
602 3081 658 3161 sit,
689 3099 761 3144 oum
790 3079 925 3144 duorum
952 3080 1059 3161 potius
1088 3081 1263 3147 stadiorum

107 3186 296 3264 exspectes:
320 3181 381 3248 hoc
403 3189 510 3247 autem
534 3179 669 3245 δίαυλον
692 3180 859 3246 vocabant.
898 3180 1071 3246 Praeterea
1086 3182 1263 3247 verendum

106 3289 196 3363 erat,
225 3302 266 3348 ne
293 3303 352 3367 per
380 3284 537 3348 tantulum
565 3285 704 3367 spatium
735 3281 927 3348 currentium
956 3283 983 3348 si
1012 3283 1084 3364 quis
1105 3303 1125 3348 a
1148 3285 1262 3352 ceteris

105 3386 235 3468 longius
257 3386 387 3451 relictus
411 3391 505 3467 esset,
528 3407 548 3450 a
570 3393 659 3470 tergo
682 3385 841 3450 celerrimi
857 3404 930 3450 cum
950 3385 1208 3452 nanciscerentur
1230 3394 1263 3452 et

106 3487 213 3554 denuo
230 3493 425 3571 superarent,
450 3487 484 3552 id
500 3486 586 3570 quod
602 3488 635 3552 in
650 3493 739 3552 tanta
754 3488 942 3553 certantium
966 3487 1169 3553 multitudine
1190 3507 1260 3570 per-

104 3591 321 3656 turbationem
342 3590 495 3655 auxisset.
540 3589 723 3656 Hadrianus
745 3609 817 3656 cum
840 3590 960 3654 circum
985 3588 1119 3654 duorum
1141 3587 1260 3654 stadio·

105 3711 178 3756 rum
194 3692 361 3774 exstruxit,
377 3692 513 3758 fortasse
525 3691 721 3757 Graecorum
733 3689 1016 3774 hippodromorum
1027 3689 1260 3772 longitudinem

106 3794 250 3860 imitatus
273 3799 322 3859 est
344 3793 450 3871 (Paus.
467 3794 495 3857 V
513 3797 562 3875 12,
579 3795 613 3857 6:
636 3793 689 3855 καὶ
708 3789 916 3876 οἰκοδόμημα
933 3787 965 3864 ἐς
980 3788 1098 3853 ἵππων
1116 3787 1259 3872 δρόμους

105 3897 255 3982 προῆκον
277 3895 333 3959 καὶ
357 3891 390 3969 ἐς
413 3891 470 3958 δύο
495 3893 640 3958 σταδίων
663 3894 788 3979 μῆκος).
834 3893 1015 3959 Duodecies
1038 3898 1138 3957 totum
1161 3895 1257 3958 curri·

106 3997 212 4063 culum
241 3997 283 4062 ab
305 3996 424 4062 adultis
448 3998 539 4078 equis
568 3995 802 4062 conficiebatur.
848 3993 942 4073 Quod
965 3994 1103 4077 spatium
1127 3996 1209 4058 8880
1226 4017 1257 4060 m

106 4117 301 4181 quamquam
316 4097 522 4165 Lelmdorffio
538 4099 663 4165 collatis
680 4098 736 4182 eis,
760 4117 842 4180 quae
857 4100 890 4162 in
905 4098 1021 4163 nostris
1038 4092 1256 4177 hippodromis
