3072 5012
397 377 426 431 C.
454 378 504 432 DE
523 376 707 434 MENSURIS
726 376 945 445 QUIBUSDAM.

82 549 193 616 01.ss
209 554 264 615 50:
285 552 464 635 τέθριππα
487 547 754 636 δυωδεκάδρομα.

162 669 208 735 VI
223 673 280 734 75:

158 773 275 854 μῶμος
298 767 334 848 ἐξ
356 764 465 836 όλλων
486 774 649 856 κρέμαται
671 768 888 856 φθονεόντων

157 886 240 952 τοῖς,
265 871 314 950 οἷς
338 896 422 939 ποτε
443 873 592 960 πρώτοις
614 875 693 957 περὶ
716 870 901 937 δωδέκατον
924 870 1047 958 δρόμον

159 971 411 1041 ἐλαυνόντεσσιν
434 973 549 1041 αἰδοία
571 973 757 1062 ποτιστάξῃ
780 973 891 1060 Χάρις
915 970 1029 1040 εὐκλέα
1050 972 1195 1061 μορφάν.

87 1093 189 1179 Pyth.
205 1094 234 1161 V
249 1096 303 1160 30:
715 1171 724 1196 2
950 1153 954 1162 .

707 1176 885 1265 ακηράτοις
908 1172 1019 1255 ducatu

343 1280 537 1362 ποδαρκέων
560 1279 832 1366 δυωδεκάδρομον
854 1283 1027 1362 τέμενοςέ)

88 1444 96 1469 ⁴
180 1415 319 1484 Scholiis
342 1438 419 1484 vero
441 1417 484 1483 ad
507 1418 579 1484 illos
603 1417 734 1485 Pindari
757 1418 845 1485 locos
868 1418 1038 1501 adscriptis
1061 1438 1125 1483 non
1148 1417 1244 1484 modo

88 1540 157 1585 non
180 1519 335 1585 refutatur
356 1540 429 1586 mea
451 1520 619 1602 sententia,
642 1518 701 1586 sed
724 1521 821 1586 etiam
843 1519 999 1586 firmatur:

88 1656 133 1720 ad
152 1653 203 1721 Ol.
219 1655 322 1720 1150:
347 1651 640 1741 δυωδεκαδρόμων]
665 1646 719 1722 ότι
742 1647 869 1720 δώδεκα
891 1653 1033 1739 δρόμους
1049 1651 1179 1738 έτρεχον
1201 1653 1245 1720 τὰ

89 1756 205 1820 τέλεια
229 1747 370 1840 άρματα,
393 1759 545 1822 τουτέστι
568 1755 588 1822 ι’
613 1758 669 1822 καὶ
690 1755 720 1840 β’
744 1781 793 1822 κα
801 1759 998 1842 μπτῆρας
1020 1757 1064 1835 (h.
1081 1777 1107 1824 e.
1124 1759 1244 1825 circum

89 1860 286 1926 exteriorem
307 1861 446 1936 metam).

91 1980 267 2045 ud11133:
292 1973 601 2064 δωδεκάγναμπτον]
626 1975 754 2041 διόδεκα
778 1974 841 2061 γάρ
863 1973 1018 2063 [δρόμους
1040 1973 1224 2064 suppleo]'
1210 2001 1244 2042 εν

86 2073 258 2166 Ολυμπίᾳ
279 2083 387 2164 τρέχει
409 2077 446 2145 τό
470 2071 641 2145 τέλειον”
620 2105 719 2164 αρμα,
741 2075 779 2143 τό
805 2078 841 2143 δὲ
863 2071 1050 2144 πωλικόν
1035 2078 1130 2144 οκτώ.

91 2201 135 2266 ad
151 2201 196 2267 vl
212 2205 267 2264 75
292 2196 424 2284 φθονος
439 2194 659 2282 επικοέμαται
673 2221 815 2276 τουτοις
839 2196 890 2273 οἷς
914 2193 953 2262 άν
971 2221 1056 2263 ποτε
1078 2195 1161 2262 κατά
1184 2195 1244 2284 τὴν

87 2293 277 2383 Ὀλυμπίαν
299 2302 379 2383 περὶ
401 2297 473 2365 τόν
502 2298 817 2368 δωδεκάκυκλον
849 2298 1004 2384 δρόμον
1035 2293 1243 2384 ἀγωνισαμέ-

92 2426 163 2480 νοις
177 2405 233 2468 καὶ
249 2397 421 2490 νικήσασιν
442 2397 462 2489 ἡ
486 2399 520 2467 ἐκ
534 2406 593 2489 τῆς
615 2409 705 2490 νίκης
718 2401 813 2488 χάρις
834 2400 966 2479 ’ένδοξον
988 2401 1046 2487 τὴν
1069 2396 1152 2486 όψιν
1174 2425 1243 2466 πα-

93 2526 207 2591 ρασχῃ.

92 2625 133 2689 ad
141 2622 336 2709 Pythiam
350 2623 548 2707 περιέβαλεν
564 2619 581 2690 ό
594 2616 777 2711 Κάῤῥωτος
787 2636 863 2701 ταῖς
876 2636 950 2700 σαῖς
964 2619 1093 2703 κόμαις,
1107 2614 1242 2710 άφθάρ-

92 2748 163 2801 τοις
196 2718 307 2812 ἡνίαις
337 2723 422 2790 κατὰ
454 2724 492 2792 τό
519 2730 654 2808 τέμενος
679 2729 744 2790 των
777 2724 1059 2810 δυωδεκαδρόμων
1086 2720 1242 2809 άρμάτων

94 2825 247 2913 ἐπαρκῶν
254 2877 263 2906 ,
285 2831 437 2894 τουτέστι
458 2827 496 2893 τό
521 2829 657 2896 σταδίον
679 2842 750 2906 τοῖς
772 2831 875 2896 ποσὶν
898 2827 1084 2912 ἓπαρκέσας
1106 2829 1161 2893 καὶ
1183 2824 1243 2911 τὴν

94 2935 185 3016 νίκην
201 2922 472 3013 ἀπενεγκάμενος.
506 2933 591 3017 φασὶ
608 2930 645 2996 δέ
658 2955 755 3010 τινες,
778 2923 832 2997 ότι
848 2929 974 2995 δώδεκα
991 2929 1134 3014 δρόμους
1151 2921 1242 2994 άνόει

93 3029 129 3098 τό
154 3032 282 3097 τέλειον
306 3022 404 3115 άρμα,
427 3029 465 3097 τό
491 3032 526 3097 δέ
549 3030 698 3098 πωλικόν
727 3026 829 3099 όκτιό·
858 3035 957 3098 τοῦτο
981 3031 1017 3097 δὲ
1039 3030 1243 3117 μαρτυρήσει

94 3137 148 3201 καὶ
172 3128 189 3200 ό
214 3133 426 3215 Καλλίμαχος
450 3135 552 3219 λέγων

212 3267 389 3346 δωδεκάκις
411 3271 490 3353 περὶ
514 3271 633 3359 δίφρον
655 3269 818 3358 ἐπήγαγεν
841 3268 973 3352 ἰ’θματα
997 3268 1128 3356 δίφρου.

180 3407 230 3470 Ex
245 3405 306 3473 hoc
321 3405 511 3473 Callimachi
527 3428 631 3491 versu,
655 3409 709 3490 qui
725 3408 804 3474 vitio
822 3408 956 3490 laborat,
978 3405 1059 3472 nihil
1075 3407 1153 3474 certi
1169 3427 1241 3473 cou-

97 3508 287 3576 cludendum
310 3515 367 3576 est
405 3509 470 3575 Sed
485 3509 644 3592 siquidem
661 3507 781 3594 δίφρον
802 3515 983 3591 corruptum
1004 3509 1140 3591 videtur,
1164 3507 1241 3572 duo·

96 3709 161 3763 ficar
178 3709 326 3764 solamente
349 3710 379 3763 el
397 3709 537 3777 espacio
555 3710 676 3765 deuna
699 3716 785 3764 meta
803 3711 820 3762 h
839 3713 928 3775 otre;
955 3707 981 3762 lo
1003 3707 1126 3776 qualine
1144 3719 1241 3773 parece

97 3809 152 3848 mas
169 3794 298 3857 racioual,
317 3795 424 3848 ademas
442 3794 475 3848 de
493 3809 544 3862 que
561 3794 588 3849 lo
607 3795 736 3848 confirma
758 3810 795 3848 uu
813 3795 890 3862 lugar
913 3794 947 3847 de
963 3793 1114 3847 Pausanias
1131 3806 1183 3860 que
1201 3790 1241 3844 di·

97 3880 199 3947 stinguo
216 3880 257 3933 las
275 3880 324 3934 dos
341 3886 426 3934 metas
445 3880 493 3943 [VI
512 3873 577 3943 201'.

182 3968 205 4029 l)
223 3963 348 4019 Totidem
360 3965 450 4031 igitur,
469 3971 534 4032 quot
546 3966 574 4017 in
588 3964 753 4033 Olympiaca,
771 3964 799 4018 in
811 3964 943 4032 Delphico
957 3961 1169 4018 conficiebantur
1188 3961 1239 4014 cir·

99 4049 197 4114 cuitus,
221 4049 293 4104 unde
312 4047 435 4103 concludi
452 4049 514 4102 licet
532 4049 613 4102 etiam
635 4049 663 4102 iu
685 4050 783 4104 ceteris
802 4048 967 4104 Graecorum
991 4046 1188 4116 hippodromis,
1213 4046 1241 4099 in

98 4133 241 4189 maioribus
260 4139 340 4199 certe,
358 4133 398 4187 ita
416 4149 471 4188 rem
489 4149 519 4188 se
536 4133 673 4188 habuisse.
