3072 5012
291 367 331 426 56
683 367 718 423 A.
745 367 796 423 Du
813 365 1048 424 esscsmeus.

290 561 362 609 esse
384 561 447 608 non
469 547 527 625 est,
549 540 637 625 quod
659 540 795 607 mireris.
837 541 934 606 'Palis
955 541 1042 607 enim
1069 541 1235 625 regionem
1257 540 1345 605 illam
1367 559 1454 623 pas·

290 663 360 711 sam
382 663 453 710 esse
481 644 682 710 notissimum
704 648 762 709 est.
806 641 955 710 Fortasse
983 643 1089 710 stadio
1118 640 1346 727 hippodromus
1376 648 1455 708 tam

289 745 415 812 vicinus
437 751 521 828 erat,
551 752 587 812 ut
608 742 694 810 idem
715 764 831 828 agger,
861 744 970 828 quoad
991 744 1123 828 quidem
1145 743 1242 812 stadii
1264 745 1348 810 latus
1370 763 1455 826 per-

289 847 421 930 tineret,
450 852 483 913 et
503 845 601 912 stadii
623 847 799 912 certamina
819 867 841 911 a
862 846 1066 913 meridionali
1093 847 1195 913 latere
1222 845 1455 929 spectantibus

290 953 323 1013 et
344 945 548 1031 hippodromi
562 967 583 1012 a
597 947 850 1030 septemtrionali
871 947 966 1015 sedes
987 949 1167 1032 praeheret,
1190 950 1242 1014 oui
1263 947 1455 1013 sententiae
1525 961 1526 990 ¹

290 1054 376 1116 certe
398 1049 537 1115 auctoris
559 1049 661 1115 verha
681 1050 801 1134 optime
823 1051 1017 1116 conveniunt
1038 1053 1121 1128 (lille
1144 1042 1394 1133 ,dnspdoldvu
1413 1045 1454 1110 δὲ

290 1147 324 1215 ἐκ
345 1151 406 1215 τοῦ
427 1147 583 1230 σταδίου,
612 1147 737 1215 καθότι
766 1148 799 1214 oi
817 1143 1043 1217 Ἑλλανοδίκαι
1055 1152 1079 1234 ¹)
1108 1148 1325 1229 καθέζονται,
1355 1145 1453 1214 κατὰ

288 1253 388 1317 τοῦτο
415 1255 539 1336 χωρίον
569 1248 604 1328 ἐς
632 1253 699 1316 τῶν
728 1248 847 1316 ἵππων
876 1243 1049 1335 ἀνειμέναν
1077 1250 1156 1330 τούς
1177 1249 1321 1336 δρόμους
1342 1245 1451 1337 καὶὴ

289 1347 412 1439 ἄφεσίς
439 1349 511 1419 ἐστι
540 1355 606 1417 τῶν
634 1350 783 1418 innoc!
828 1353 979 1423 Fortasse
1007 1355 1096 1422 dico:
1129 1375 1203 1420 nam
1231 1356 1371 1422 certiora
1404 1354 1452 1420 de

289 1456 351 1524 hac
372 1476 407 1523 re
429 1477 492 1522 non
514 1463 589 1521 ante
611 1456 852 1540 comperiemus,
875 1476 972 1540 quarn
993 1445 1125 1524 fossoris
1145 1458 1223 1541 pala
1241 1458 1343 1539 ,etiam
1357 1456 1453 1522 ultra

288 1557 430 1625 stadium
451 1559 564 1624 limum
585 1558 766 1624 tentaverit.

374 1658 467 1726 Duae
490 1665 581 1724 erant
601 1659 635 1724 in
657 1677 757 1724 arena
779 1657 981 1743 hippodromi
1004 1667 1149 1727 metae:
1171 1680 1247 1725 nam
1269 1679 1342 1726 cum
1357 1661 1451 1726 Pau·

288 1761 397 1828 sanias
419 1760 461 1827 de
482 1780 548 1826 una
569 1766 692 1826 tantum
714 1757 803 1826 dicat
816 1764 880 1846 (20,
898 1764 951 1827 19:
975 1757 1034 1827 ἐπὶ
1057 1759 1093 1826 di
1116 1758 1237 1848 νύσσης
1257 1763 1340 1843 μιᾶς
1361 1763 1448 1840 nel,
1525 1781 1526 1858 p

289 1882 386 1946 quam
416 1863 600 1929 interiorem
621 1863 664 1929 lh
697 1863 799 1930 inisse
828 1883 937 1930 omnes
965 1864 1193 1947 consentiunt),
1223 1883 1265 1930 ex
1286 1865 1358 1947 ipso
1380 1863 1450 1931 hoe

287 1965 417 2031 nomine
443 1965 602 2030 numerali
630 1965 710 2046 μιᾶς
738 1964 873 2031 alteram
902 1984 1029 2048 quoque
1050 1965 1095 2032 hir
1121 1965 1264 2032 adfuisse
1293 1968 1448 2034 conicere

288 2067 452 2133 dehemus.
487 2066 576 2133 Inter
596 2087 677 2151 quas
699 2072 801 2132 metas
822 2073 928 2132 utrum
949 2069 1083 2149 spina,
1105 2073 1142 2133 nt
1162 2069 1196 2133 in
1213 2067 1307 2133 circis
1324 2068 1449 2136 Roma·
1525 2113 1526 2126 α

286 2169 347 2249 nis,
363 2174 526 2234 exstructa
539 2168 636 2234 fuerit
649 2187 760 2251 neone,
776 2168 890 2234 silente
906 2176 1035 2236 auctore
1050 2189 1102 2235 res
1117 2176 1167 2236 est
1180 2170 1295 2234 iterum
1310 2169 1447 2235 iterum·
1525 2159 1526 2232 ζ

287 2289 350 2352 que
372 2268 551 2352 disputata:
583 2269 732 2353 equidem
753 2289 811 2353 pro
841 2276 927 2336 certo
950 2269 1054 2336 haheo
1084 2290 1138 2338 eas
1160 2271 1214 2336 sel
1241 2277 1365 2353 aggere
1389 2272 1448 2339 vel

286 2372 393 2453 potius
415 2391 506 2438 muro
527 2373 593 2438 levi
615 2373 699 2439 inter
719 2390 755 2437 se
773 2371 957 2438 coniunctas
972 2371 1081 2454 fuisse,
1103 2391 1144 2438 ne
1160 2373 1234 2454 equi
1249 2373 1446 2440 ferocientes

285 2473 443 2556 regimine
472 2492 607 2540 excusso
635 2493 694 2556 per
721 2480 937 2540 transversam
966 2493 1097 2539 arenam
1125 2474 1200 2542 aliis
1231 2474 1364 2540 obviam
1393 2476 1447 2540 rui
1525 2461 1526 2506 l

285 2595 370 2641 nese
393 2576 433 2657 ei,
456 2575 568 2657 quiin
589 2575 718 2641 sinistro
740 2594 838 2640 cornu
860 2576 1042 2657 certabant,
1065 2596 1086 2640 a
1107 2575 1225 2642 dextra
1244 2575 1286 2642 ad
1309 2577 1444 2643 laevam

287 2673 415 2743 extrudi
437 2683 578 2759 possent.
614 2675 812 2742 Lehndorlfii
830 2659 1021 2742 sententiam
1035 2678 1198 2743 columnas
1213 2677 1342 2744 funibus
1358 2680 1446 2745 inter
1525 2757 1526 2760 Ἴ

286 2798 322 2844 se
350 2779 535 2845 coniunctas
562 2797 620 2860 pro
649 2778 743 2860 spina
767 2778 914 2861 ponentis
941 2782 985 2862 (p.
1009 2780 1061 2856 36)
1090 2779 1210 2845 ideirco
1237 2798 1299 2844 non
1327 2782 1444 2864 probo,
1525 2802 1526 2820 ¹

286 2881 364 2964 quia
385 2888 460 2946 tuno
482 2878 614 2945 modioli
630 2898 777 2946 curruum
792 2899 834 2944 ns
849 2880 1005 2946 columnis
1027 2878 1236 2962 illiderentur,
1259 2882 1444 2964 periculum

286 2988 369 3049 erat:
392 2983 474 3048 tales
496 2987 603 3047 autem
625 2981 780 3048 illisiones
801 3002 865 3048 non
886 2982 949 3048 nisi
971 2980 1014 3047 ad
1029 2987 1131 3048 metae
1146 2982 1248 3048 factas
1266 3001 1338 3049 esse
1354 3003 1459 3050 coma

285 3086 436 3168 perimus.
488 3082 688 3168 Quamquam
718 3084 860 3167 spinam,
894 3083 963 3149 sive
992 3102 1093 3166 agger
1124 3083 1195 3149 slve
1227 3103 1335 3150 murus
1368 3087 1443 3170 fuit,
1525 3127 1526 3184 3

287 3187 441 3253 columnis
463 3187 631 3269 impositis,
653 3185 736 3251 utin
753 3186 847 3252 circis
862 3186 1025 3269 Romanis,
1048 3192 1194 3250 ornatam
1208 3204 1279 3252 esse
1293 3187 1444 3270 potuisse

284 3307 348 3355 non
369 3307 467 3370 nego:
489 3286 552 3354 hoc
573 3286 702 3353 demum
722 3307 870 3354 vasorum
894 3287 1093 3370 quorundam
1115 3287 1273 3370 imagines
1288 3289 1445 3355 videntur
1525 3329 1526 3340 κ

285 3390 439 3456 indicare.

374 3609 396 3671 l)
414 3604 450 3660 Hi
467 3605 495 3660 in
512 3604 688 3674 hippodromo
706 3601 825 3660 fortasse
840 3605 869 3660 in
893 3605 953 3675 ipsa
976 3611 1047 3660 meta
1064 3605 1193 3660 interiore
1214 3606 1256 3661 vel
1273 3621 1359 3677 prope
1377 3621 1443 3663 eam
1525 3567 1526 3636 ἶ

285 3691 419 3762 inspius
444 3691 568 3745 sedentes
595 3689 688 3745 oculos
714 3688 750 3744 ad
776 3689 927 3744 columnam
953 3691 1005 3755 (vel
1032 3694 1144 3757 cretam)
1170 3691 1282 3758 margini
1309 3691 1441 3748 :innuas

286 3780 382 3831 contra
394 3775 547 3846 appositam
564 3767 809 3844 (Siegespfosten')
827 3774 993 3844 derigebant.
1022 3774 1093 3830 Nam
1109 3775 1213 3830 iudices
1231 3776 1391 3842 certaminis,
1415 3780 1442 3833 si

284 3860 312 3915 in
336 3860 443 3916 sinistro
468 3859 629 3929 margineY
653 3860 742 3914 sedem
762 3859 912 3926 habehant,
936 3873 986 3928 per
1008 3860 1119 3915 nimium
1136 3861 1253 3931 spatium
1269 3860 1334 3915 Yltlr
1356 3877 1439 3931 spec-

284 3949 345 4000 tare
362 3945 509 4010 dehebant,
532 3960 613 4014 quam
636 3949 667 3997 ut
684 3944 783 3999 subtile
803 3944 933 3999 iudicium
950 3945 1040 4000 lacere
1063 3952 1189 4015 possent,
1215 3945 1279 4014 quia
1296 3947 1441 4012 agonistae

285 4032 454 4086 decertantes
470 4030 567 4098 procul
583 4045 601 4083 a
618 4028 728 4083 sinistro
746 4029 866 4098 margine
883 4035 992 4098 praeter
1009 4029 1114 4098 spinam
1126 4036 1155 4084 et
1168 4035 1266 4084 metam
1279 4031 1441 4086 brevissima

285 4115 329 4170 sia
346 4116 502 4170 currebant.
