3072 5012
303 389 347 450 64
698 391 730 443 Δ.
758 391 809 446 DE
827 389 1063 447 edecument.

228 599 232 610 ·
305 585 370 632 nna
396 568 508 631 recta
535 564 622 631 linea
649 564 763 630 iuxtim
792 565 969 631 cucurrisse
991 563 1047 630 ille
1072 565 1181 632 dicere
1202 565 1352 646 voluerit,
1380 563 1444 647 sed,

305 687 377 734 cum
399 673 496 732 antea
516 666 590 732 riae
616 667 815 751 singulorum
837 665 984 732 ordinum
1006 686 1027 732 a
1048 666 1230 734 carceribus
1252 665 1296 732 ad
1317 667 1445 732 eumne

304 790 374 836 rem
395 775 512 834 mamm
534 767 739 852 peragendae
760 767 909 834 diversae
931 769 1064 851 luerint,
1094 787 1177 835 nunc
1199 767 1358 834 universis
1380 787 1446 834 eon-

305 871 467 939 dicionem
488 875 701 952 exaequatam
724 889 805 936 esse.
845 868 918 935 Non
941 870 1027 936 enim
1047 877 1145 954 recta,
1168 870 1226 937 sed
1249 889 1348 938 curva
1367 871 1448 936 linea
1516 942 1517 954 ,

304 993 406 1059 prope
419 973 580 1040 embolum
592 978 651 1055 est,
667 969 753 1055 quod
769 971 929 1054 quomodo
944 971 1010 1054 liat,
1025 973 1171 1055 pluribus
1186 992 1269 1038 nuuc
1283 991 1446 1056 exponam.

305 1075 386 1142 Cum
405 1074 547 1159 parietes
569 1074 740 1140 stationum
760 1093 825 1139 non
847 1080 936 1141 recta
956 1074 1040 1140 inter
1054 1094 1089 1140 se
1104 1075 1247 1159 regione,
1270 1074 1329 1141 sed
1345 1093 1449 1140 omnes

305 1178 348 1244 ad
371 1183 488 1242 metam
511 1175 703 1242 exteriorem
726 1182 889 1259 spectasse
911 1196 1009 1260 supra
1031 1179 1073 1260 (p.
1089 1178 1142 1255 56)
1164 1176 1357 1259 dixerimus,
1379 1196 1448 1259 ago·

304 1281 408 1346 nisiae
430 1279 662 1345 etiamsinon
690 1277 839 1344 admissis
868 1279 976 1344 statim
999 1279 1106 1363 equis,
1140 1277 1198 1344 sed
1220 1277 1381 1361 gradatim
1393 1281 1412 1356 ¹)
1431 1297 1450 1344 e

305 1379 496 1448 statimibns
518 1380 561 1446 ad
582 1386 718 1446 rostrum
740 1380 902 1462 progressi
924 1387 1040 1466 esseut,
1062 1400 1127 1447 non
1140 1385 1261 1446 rectam
1275 1381 1322 1446 ibi
1337 1381 1449 1447 lincam

304 1484 558 1567 desumpsissent,
571 1482 629 1549 sed
641 1489 805 1549 curvatam
817 1485 906 1549 arcui
918 1483 1037 1548 circum
1046 1482 1092 1550 bin
1101 1481 1192 1548 radio
1204 1482 1282 1548 blas}
1294 1483 1450 1566 descripto

304 1603 431 1668 parem,
464 1581 560 1649 modo
588 1582 832 1668 progredientes
864 1601 990 1667 semper
1017 1585 1105 1650 viam
1136 1585 1180 1650 ad
1214 1593 1334 1651 metam
1367 1586 1451 1651 illam

305 1688 515 1754 derexissent
559 1685 623 1752 Hic
643 1705 736 1752 arem
758 1685 820 1752 GH
842 1687 1030 1752 coeuntibus
1052 1688 1135 1753 iuter
1155 1705 1192 1753 se
1213 1689 1318 1770 magis
1340 1689 1451 1770 magis·

305 1808 368 1872 que
392 1789 535 1855 cruribus
557 1786 628 1856 Sllr
652 1795 685 1854 et
705 1788 783 1855 Dbia
808 1789 938 1854 brevior
959 1796 1008 1856 est
1030 1809 1126 1872 quam
1147 1808 1241 1855 mens
1259 1787 1315 1854 SD
1339 1791 1451 1856 circum

306 1889 442 1958 eandem
470 1897 589 1957 metam
617 1891 812 1974 descriptus,
841 1891 897 1974 qni
924 1897 1009 1957 totus
1038 1891 1243 1974 stationibus,
1272 1893 1301 1958 si
1331 1911 1387 1958 eas
1413 1891 1453 1956 ed

305 1992 395 2058 illum
416 1990 562 2076 reducas,
585 2001 767 2076 occupetur.
809 1991 975 2059 Eiusmodi
998 2012 1090 2060 arens
1113 1993 1288 2060 contractio
1310 2013 1452 2060 necessa·
1518 2039 1519 2087 ι

305 2095 354 2160 ria
369 2100 427 2176 est,
451 2095 536 2179 quia,
559 2096 587 2162 si
602 2100 761 2162 certantes
776 2115 795 2160 e
810 2095 975 2178 parallelis
998 2096 1179 2162 carceribus
1193 2096 1362 2180 parallelis
1377 2098 1453 2162 inter
1518 2093 1519 2102 ³

305 2218 341 2265 ae
364 2199 425 2264 viis
447 2197 687 2281 processissent,
713 2198 833 2263 sinistri
856 2197 997 2280 quinque
1019 2217 1119 2264 sexve
1141 2200 1309 2281 agonistae
1331 2205 1454 2282 praeter

305 2307 423 2368 metam
438 2300 622 2366 interiorem
638 2299 671 2364 in
686 2299 815 2364 laevam
835 2317 966 2364 arenam
982 2301 1203 2366 cucurrissent
1239 2301 1454 2384 Arquitene

305 2422 397 2470 arcus
426 2401 600 2468 contractio
628 2400 699 2466 fieri
727 2400 853 2484 potnit?
897 2398 981 2478 Quia
1009 2403 1096 2466 arcui
1120 2399 1181 2467 GH
1209 2400 1326 2468 desunt
1354 2404 1454 2487 spatia

306 2525 468 2572 carcerum
490 2503 665 2587 parietibus
688 2508 859 2585 occupata:
889 2502 945 2586 qui
965 2504 1106 2586 parietes
1129 2503 1207 2570 satis
1235 2502 1319 2568 firmi
1349 2510 1381 2570 et
1401 2505 1453 2569 lati

306 2612 405 2686 erant,
430 2611 465 2670 ut
485 2611 679 2671 vetustatem
699 2603 783 2670 ierne
805 2611 945 2686 possent.
989 2604 1116 2670 Etenim
1139 2605 1275 2688 singulis
1296 2607 1453 2690 utrimque

305 2707 461 2791 agonistis
488 2706 533 2771 ad
560 2705 722 2772 embolum
750 2706 997 2788 procedentibus
1029 2713 1152 2772 tantum
1185 2709 1340 2773 introrsus
1371 2709 1453 2773 viam

305 2809 468 2876 declinare
490 2807 624 2890 licebat,
649 2814 802 2892 quantum
823 2809 920 2891 spatii
943 2809 1113 2875 latitudine
1135 2810 1229 2875 unius
1250 2809 1384 2892 parietis
1405 2831 1454 2876 oc·

305 2912 490 2996 cupabatnr.
535 2910 621 2992 llrgo
643 2929 737 2976 arcus
759 2910 820 2976 GH
848 2911 978 2977 brevior
1005 2918 1054 2976 est
1076 2931 1173 2994 qnam
1193 2930 1286 2976 arcus
1309 2908 1365 2975 SD
1387 2913 1454 2977 lati·

305 3013 416 3079 tudine
444 3017 628 3079 cunctorum
656 3012 824 3095 parietum.
868 3012 940 3078 Hoc
966 3011 1079 3096 fiebat,
1109 3021 1144 3078 ut
1172 3013 1328 3094 diximus,
1360 3014 1454 3079 etiam

305 3112 465 3198 gradatim
486 3113 775 3198 progredientibus.
814 3115 882 3180 Nec
903 3133 981 3180 vero
1003 3115 1060 3180 tali
1083 3114 1195 3182 circuli
1217 3133 1294 3180 arcu
1309 3113 1454 3181 Oleoetas

393 3303 416 3363 t)
434 3297 525 3353 Verba
542 3297 695 3351 Pausaniae
713 3302 778 3364 till:
805 3292 863 3360 ,Tb
883 3289 942 3354 ἀπὸ
961 3293 1066 3354 τούτου
1088 3297 1118 3354 ei
1135 3293 1185 3370 ἤδη
1202 3299 1382 3369 καθέστηκεν
1399 3296 1455 3356 ἐπί·

305 3385 386 3447 δειξις
406 3378 561 3453 ἐπιστήμης
583 3402 615 3438 τε
637 3378 762 3454 ἡνιόχων
784 3385 832 3440 καὶ
852 3378 951 3439 ἵππων
974 3373 1132 3454 dairmag
1158 3396 1175 3435 a
1198 3383 1302 3446 multis,
1326 3383 1454 3453 imprimis

305 3465 499 3534 Francogallis,
517 3467 556 3519 ita
573 3467 712 3522 intellecta
729 3461 802 3530 sunt,
821 3468 897 3536 quasi
915 3467 962 3521 ille
973 3466 1063 3520 dicere
1078 3465 1209 3522 uoluisset
1221 3467 1357 3534 agonistas
1369 3483 1455 3538 neque

304 3566 337 3606 eo
361 3551 446 3618 gradu
469 3565 625 3620 progressos
649 3555 715 3606 tunc
738 3551 844 3606 demum
867 3552 987 3607 habenas
1006 3551 1142 3606 effudisse.
1178 3550 1256 3620 erod
1279 3552 1376 3605 salsum
1396 3567 1454 3607 esre

304 3651 348 3692 res
371 3637 432 3707 ipsa
455 3637 564 3691 clamat.
603 3635 677 3692 Nihil
700 3637 774 3692 aliud
794 3639 883 3691 inesse
905 3637 972 3691 mibi
993 3636 1099 3692 videtur
1122 3635 1188 3701 nisi,
1211 3652 1272 3690 cum
1293 3641 1375 3691 antea
1397 3638 1455 3692 viae

304 3721 407 3790 aurigis
430 3721 577 3778 stationum
600 3721 754 3779 deiectione
775 3722 855 3792 quasi
872 3721 1107 3792 praeciperentur,
1130 3737 1204 3778 nnnc
1228 3723 1268 3776 eia
1284 3721 1337 3776 iter
1354 3729 1452 3792 patere,

305 3809 416 3860 etcum
439 3813 519 3862 autea
541 3823 606 3877 pars
629 3823 760 3877 equorum
781 3809 870 3862 otiosa
893 3807 1072 3873 constitisset,
1095 3823 1168 3862 nuuc
1191 3807 1297 3862 demum
1315 3806 1453 3863 uniremm

305 3907 422 3956 currere,
440 3899 471 3947 ut
488 3893 550 3947 hinc
567 3892 680 3962 proprie
697 3893 882 3947 universorum
900 3891 1014 3947 certatio
1032 3891 1153 3960 incipiat.
1186 3889 1285 3944 Mirum
1303 3891 1331 3946 iu
1349 3893 1453 3947 modum

305 3974 373 4030 haec
397 3977 531 4046 simplicia
555 3991 587 4031 ac
610 3989 698 4045 paene
722 3992 924 4046 superuacanea
946 3977 1028 4031 verba
1049 3977 1213 4045 interpretes
1232 3976 1452 4032 sollicitaverunt:

305 4060 386 4114 etiarn
404 4060 595 4116 Lebndorifius
619 4067 655 4130 (p.
669 4064 712 4125 27)
734 4064 819 4116 multa
843 4064 901 4117 sine
923 4062 996 4116 iusta
1018 4075 1101 4115 causa
1124 4060 1152 4115 in
1171 4074 1204 4114 ea
1221 4061 1358 4114 ventilarit
1375 4067 1453 4134 atque

305 4143 466 4200 Pausaniam
484 4145 632 4215 imperitiae
648 4146 791 4202 incusavit.
