3072 5012
484 425 517 476 A.
547 423 597 477 DE
614 424 850 479 CAROERIBUS.
1203 429 1243 488 69

76 603 115 664 nt
133 599 256 664 iterum
272 598 451 681 iterumque
466 604 607 683 repetam
623 604 719 680 atque
736 619 876 680 urgeam,
895 599 1057 665 rarissime
1071 608 1126 666 aut
1142 622 1248 686 paene

75 719 253 782 nunquam
275 701 395 766 factum
418 708 475 765 est.
513 702 659 780 Namque
675 720 746 764 cum
762 701 796 766 id
811 701 1006 767 incommodi
1029 702 1059 767 ei
1074 703 1244 786 accideret,

77 803 176 883 quod
201 802 385 887 longissime
408 823 429 866 a
451 809 536 868 meta
554 801 792 885 prohibebatur,
816 813 922 867 tamen
945 823 1008 869 non
1030 806 1133 869 sclnm
1156 806 1244 872 nullo

77 909 226 986 urgente
248 907 315 970 lata
337 906 368 970 ei
389 906 444 970 via
464 906 606 988 patebat,
629 904 686 968 scd
703 904 799 969 etiam
815 904 1001 971 citatissimo
1018 925 1110 972 cursu
1133 908 1243 972 orbem

77 1007 210 1072 circum
233 1015 349 1072 metam
373 1007 520 1090 quamvis
537 1006 758 1091 spatiosiorem
775 1007 957 1072 describere
973 1007 1139 1091 poterat.¹)
1172 1010 1245 1088 Qua

78 1107 123 1174 de
150 1129 255 1176 causa
277 1130 337 1175 non
355 1108 450 1176 oredo
466 1128 604 1190 unquam
621 1128 731 1174 omnes
746 1117 903 1175 certantes
927 1128 990 1173 una
1013 1129 1118 1190 aequa
1140 1111 1244 1178 fronte

78 1209 125 1274 ad
151 1211 239 1277 hanc
262 1218 378 1277 metam
403 1213 602 1294 pervenisse,
625 1211 682 1276 sed
705 1211 759 1292 ita,
784 1210 811 1274 si
834 1212 914 1275 forte
939 1211 1044 1276 cuncti
1065 1212 1244 1280 incolumes

79 1311 206 1378 codem
230 1321 371 1396 tempore
394 1313 456 1378 huc
470 1320 633 1391 venerant,
657 1318 691 1376 ut
706 1332 727 1375 a
749 1312 861 1377 dextro
885 1313 1045 1378 sinistrum
1066 1335 1163 1380 cornu
1186 1316 1243 1380 ad·

80 1414 220 1479 modum
250 1416 345 1496 longe
374 1426 584 1500 superaretur.
628 1414 697 1479 Nec
719 1413 818 1479 debes
848 1415 975 1480 omnino
998 1416 1060 1480 reri
1083 1422 1242 1482 certantes

80 1524 226 1601 excepto
250 1517 376 1584 sinistro
399 1519 545 1598 agonista
567 1517 660 1582 orbes
683 1516 889 1582 semicirculis
906 1517 1023 1582 circum
1047 1528 1164 1583 metam
1187 1518 1241 1586 de

80 1619 216 1704 scriptis
239 1640 331 1704 pares
355 1620 538 1685 confecisse.
583 1619 723 1683 Minime.
768 1619 885 1683 Verum
914 1621 1029 1699 quibus
1052 1631 1169 1686 metam
1192 1641 1240 1686 ra-

81 1720 165 1787 dere
188 1743 251 1787 non
274 1724 457 1805 contigerat,
481 1721 510 1786 ei
533 1721 682 1786 damnum
709 1719 913 1803 compendio,
936 1722 1023 1802 quod
1045 1722 1171 1803 licebat,
1195 1725 1242 1788 ita

83 1824 349 1907 compensabant,
373 1833 407 1888 ut
422 1823 568 1888 adductis
584 1824 659 1887 loris
675 1822 810 1887 sinistris
833 1823 941 1886 orbem
965 1841 1059 1902 quam
1082 1825 1241 1892 artissime

82 1932 239 2010 cogerent
261 1926 368 2007 itaque
392 1926 489 1990 etiam
512 1944 594 1988 nnnc
617 1933 732 1989 metam
757 1944 852 2006 quam
881 1926 1024 2008 proxime
1047 1926 1239 1992 circumflec-

83 2035 153 2093 tere
184 2028 357 2094 studerent.
403 2029 605 2112 Quapropter
631 2028 658 2092 si
689 2028 759 2107 quis
789 2047 854 2092 rem
883 2028 945 2091 sibi
973 2027 1019 2090 ita
1048 2029 1240 2109 cogitatione

82 2126 194 2211 lingat,
219 2136 253 2193 ut
267 2130 483 2214 agonistarum
500 2131 587 2195 acics
603 2136 765 2211 tamquam
780 2128 888 2194 radius
907 2129 940 2191 in
955 2136 1070 2212 puncto
1086 2131 1132 2196 Mn
1157 2130 1240 2195 fixus

84 2235 117 2294 et
148 2231 267 2296 circum
296 2233 358 2298 hoc
387 2237 490 2298 motus
519 2238 637 2297 metam
667 2231 893 2312 circumierint,
923 2229 1082 2311 quomodo
1111 2230 1240 2297 ordines

84 2331 225 2397 militum
254 2332 421 2400 decurrere
449 2335 568 2415 solent,
602 2333 630 2396 is
658 2353 790 2417 pravam
824 2333 870 2397 rei
903 2332 1040 2415 speciem
1070 2353 1108 2397 ac
1136 2353 1241 2416 paene

84 2433 255 2500 ridiculam
278 2437 370 2519 cepit.
415 2437 498 2500 Nam
520 2443 743 2518 praeterquam
766 2434 850 2516 quod
877 2435 1056 2500 celeritates
1086 2455 1238 2518 equorum

84 2535 132 2602 ita
160 2537 363 2605 modificatae
393 2559 463 2604 esse
492 2539 692 2621 debuissent,
725 2544 760 2601 ut
794 2545 881 2602 certa
908 2538 1031 2601 ratione
1060 2549 1239 2602 extrorsum

86 2646 278 2722 crescerent,
300 2641 420 2725 primus
443 2641 590 2724 agonista
612 2660 675 2704 non
698 2647 764 2704 tam
786 2641 902 2704 stultus
924 2646 956 2704 et
980 2639 1081 2704 bouus
1104 2647 1182 2719 erat,
1205 2646 1239 2703 ut

86 2739 127 2802 ad
151 2748 271 2806 metam
293 2741 375 2806 fixus
399 2751 609 2824 exspectaret,
632 2741 708 2807 dum
731 2743 829 2807 ceteri
852 2741 1067 2806 semicirculos
1090 2742 1235 2806 absolve-

86 2851 163 2906 rent.
208 2845 311 2909 Immo
332 2845 360 2908 is
388 2846 452 2910 iam
482 2846 681 2927 aliquantum
705 2844 863 2909 ulterioris
884 2844 997 2926 spinae
1019 2842 1129 2907 lateris
1151 2851 1239 2907 recta

85 2952 260 3027 carpserat,
283 2967 353 3011 cum
376 2948 472 3012 ceteri
497 2949 606 3012 orbem
629 2947 768 3011 nondum
785 2948 994 3010 confecerant.
1036 2943 1141 3021 Quare
1164 2946 1238 3010 talis

85 3043 152 3109 fere
175 3046 261 3112 linea
289 3050 375 3113 facta
397 3057 460 3130 est,
491 3051 618 3132 qualem
641 3050 672 3112 in
695 3050 798 3113 forma
827 3046 1002 3127 designavi.
1048 3046 1118 3110 Meo
1142 3047 1238 3128 igitur

85 3146 152 3210 iure
177 3148 333 3214 contendo
357 3152 491 3215 frontem
516 3153 712 3233 certantium,
736 3151 797 3214 nisi
813 3151 877 3213 iam
897 3156 993 3213 autea
1008 3147 1136 3230 dirupta
1158 3155 1237 3229 erat,
1265 3221 1267 3226 ¹

85 3267 187 3332 prope
209 3257 326 3315 metam
350 3251 538 3317 exteriorem
564 3253 697 3318 dissolvi
720 3271 848 3334 prorsus
872 3269 1002 3315 necesse
1025 3249 1132 3316 fuisse.

174 3506 196 3562 lt
214 3501 275 3556 Non
287 3518 397 3570 possum
411 3505 537 3557 assentiri
549 3504 719 3559 Boettichero
738 3502 839 3558 dicenti
856 3501 990 3571 {Olympia
1004 3518 1029 3555 n.
1043 3514 1065 3554 s.
1078 3517 1110 3555 w.
1123 3517 1149 3568 p.
1164 3505 1234 3564 titt:

81 3579 191 3638 ‘lmmcr
209 3587 269 3640 sind
287 3586 329 3639 die
346 3587 437 3642 Rader
454 3590 518 3642 sehr
536 3591 650 3657 niedrig:
671 3591 719 3643 der
737 3590 828 3643 antike
842 3580 949 3655 ‘Spart’
962 3587 1011 3639 bat
1028 3585 1086 3638 sich
1105 3585 1147 3637 nie
1166 3584 1235 3637 dazn

83 3670 342 3740 aufgescbwungen,
360 3673 404 3725 ldr
422 3675 465 3728 die
481 3675 565 3741 glatte
584 3674 734 3727 liennbabn
753 3675 883 3727 Gar'unrte
900 3673 949 3724 mit
967 3670 1056 3723 hohen
1075 3669 1182 3721 Rbdcrn
1200 3684 1235 3720 zu

85 3755 186 3822 bauan,
205 3757 247 3810 die
262 3758 292 3824 ja
310 3758 369 3811 eine
387 3759 535 3813 schnellere
554 3760 674 3826 Gangart
691 3758 846 3812 wesentlich
865 3757 1020 3810 erleichtert
1036 3754 1139 3806 hatten.
1175 3754 1235 3806 Ans

84 3837 129 3894 der
149 3840 244 3895 Praxis
268 3842 314 3895 des
333 3842 444 3909 Krieges
469 3845 518 3897 wie
542 3846 589 3899 der
608 3845 686 3898 lteise
703 3843 752 3896 auf
772 3843 914 3894 unebenen
933 3840 1035 3905 Wegen
1054 3838 1154 3891 bchielt
1170 3852 1235 3890 man

84 3922 131 3978 das
158 3927 278 3979 rieberer
300 3929 420 3994 gehende
443 3929 584 3997 Fahrzeug
608 3929 656 3981 mit
683 3929 734 3981 dcn
759 3929 884 3981 nicderen
911 3927 1016 3980 breiten
1040 3922 1149 3975 Radern
1172 3918 1231 3974 bei.'

83 4007 195 4064 Veteres
220 4013 290 4065 enim
308 4014 403 4068 melius
423 4015 558 4077 sciebant,
582 4020 712 4082 qnantum
736 4013 850 4067 humiles
868 4015 945 4065 rotae
969 4009 1031 4063 altis
1049 4011 1232 4075 praestarent:

84 4094 154 4147 altae
172 4094 295 4148 videlicet
317 4101 435 4166 pondere
453 4101 556 4154 elevato
580 4101 663 4152 multo
681 4100 765 4166 magis
783 4097 949 4162 effecissent,
973 4101 1003 4148 ut
1021 4107 1116 4146 currus
1133 4089 1162 4143 in
1180 4092 1232 4144 cir·

84 4180 158 4232 cuitu
175 4186 366 4236 everterentur.
