3076 5020
323 401 372 456 111.
399 401 450 455 DE
469 400 708 456 HIPPODROMO
727 401 945 456 OLYMPIACO.
1170 402 1210 462 53

66 577 114 641 ria
135 575 280 641 videntur
309 594 395 642 esse:
428 573 509 640 nihil
532 573 572 640 de
601 575 720 656 forma,
748 574 830 640 nihil
858 575 899 640 de
927 575 1035 658 spina,
1065 573 1147 639 nihil
1170 573 1212 642 de

67 685 159 756 oreta,
180 675 262 742 nihil
285 674 326 743 de
348 677 426 744 sede
448 678 672 760 magistrorum
695 677 895 758 certaminis,
918 676 1131 760 denique,‘nt
1152 678 1211 742 ali·

69 799 158 860 quam
185 798 253 845 rem
282 786 429 845 accurate
459 779 636 860 describat,
666 777 747 843 nihil
775 779 843 844 fere
872 778 913 844 de
936 778 1004 844 eius
1026 776 1099 844 fine.
1144 778 1211 846 Sed

68 882 135 962 quis
160 879 221 946 hoc
250 880 298 944 illi
327 881 452 945 crimini
481 878 552 964 det,
582 880 723 963 quinon
752 885 895 957 nostrae,
924 879 982 945 sed
1004 899 1082 945 suae
1111 882 1211 946 aetati

68 982 171 1046 talium
187 1001 293 1048 rerum
309 982 522 1065 peritissimae
538 981 724 1065 scripserit?
749 981 987 1047 Praetermissis
1003 981 1101 1062 igitur
1114 983 1210 1048 rebus

68 1083 249 1166 aequalibus
271 1084 354 1149 notis
373 1103 412 1149 ao
426 1103 530 1167 paene
545 1084 706 1150 cotidiano
722 1103 781 1150 usu
796 1084 879 1148 tritis
894 1101 949 1148 eas
965 1083 1050 1148 solas
1066 1083 1210 1164 pluribus

69 1190 245 1266 persecutus
261 1190 319 1266 est,
342 1203 426 1267 quae
441 1185 482 1250 ab
497 1185 650 1252 institutis
665 1205 742 1252 suae
757 1185 874 1250 aetatis
889 1184 986 1250 valde
1001 1183 1210 1250 differebant:

70 1285 125 1350 hae
151 1293 223 1353 sunt
250 1286 284 1351 in
312 1285 526 1370 hippodromo
548 1285 739 1372 Olympiaco
768 1305 912 1352 carceres
941 1291 973 1351 et
994 1286 1209 1369 Taraxippus.

70 1386 154 1453 Unde
176 1387 260 1454 hanc
280 1389 387 1472 legem
407 1387 637 1472 interpretandi
652 1390 720 1453 iure
735 1389 829 1454 nobis
844 1388 1036 1454 constituere
1052 1389 1210 1472 videmur,

70 1495 99 1552 ut
119 1510 197 1572 qnae
219 1490 403 1557 describere
426 1491 657 1574 supersederit,
687 1489 815 1555 calere
838 1489 957 1556 similia
984 1489 1084 1555 fuisse
1106 1509 1210 1556 suma-

71 1610 133 1656 mus
152 1592 305 1658 institutis
327 1593 482 1658 circorum
505 1593 729 1658 Romanorum.
773 1592 842 1656 Iam
865 1611 925 1674 ego
948 1611 1020 1656 oum
1049 1610 1121 1657 eum
1143 1612 1210 1657 om·

71 1693 127 1777 nia,
148 1713 228 1777 qnae
252 1695 285 1759 in
308 1693 368 1760 hac
390 1712 424 1759 re
447 1692 647 1777 depinxerit,
670 1694 698 1759 si
720 1713 783 1758 non
804 1694 916 1776 plene,
938 1701 972 1759 at
994 1701 1101 1758 tamen
1122 1699 1209 1760 recte

72 1794 246 1877 depinxisse
268 1815 455 1879 persuasum
478 1795 617 1860 habeam
638 1814 743 1878 neque
766 1801 847 1861 stem
869 1796 910 1861 ab
934 1796 1003 1862 eius
1019 1797 1209 1862 obtrectato-

71 1897 158 1980 ribus,
179 1898 281 1963 verba
295 1898 363 1964 eius
380 1915 476 1979 quam
490 1897 667 1962 rectissime
683 1903 715 1962 et
729 1898 968 1980 interpretando
985 1904 1017 1963 et
1031 1895 1210 1980 supplendo

72 2017 129 2062 rem
144 1999 322 2064 intricatam
338 1999 491 2081 expedire
507 1999 722 2082 periclitabor.
748 1999 797 2065 Ao
807 2000 944 2081 primum
960 2000 1090 2084 quidem
1102 1999 1209 2064 dicam

72 2098 107 2163 de
126 2119 159 2165 re
181 2101 407 2167 controuersiis
429 2101 569 2166 maxime
593 2101 742 2182 obnoxia,
766 2101 807 2166 de
830 2088 1021 2167 carceribus.
1058 2100 1108 2166 Ne
1132 2120 1208 2166 vero

73 2198 176 2267 lumen
197 2203 423 2284 explicationis
446 2221 538 2267 meae
559 2202 738 2268 retardetur
753 2202 807 2266 vel
825 2201 977 2286 turbetur,
999 2204 1087 2284 prius
1102 2221 1209 2266 meam

73 2304 250 2369 sententiam
271 2303 430 2386 proferam
453 2323 524 2369 cum
540 2301 773 2369 Waohsmuthii
789 2308 1014 2386 congruentem
1031 2311 1208 2369 ceterorum

74 2403 145 2470 inira
164 2405 365 2471 refutatores.
