3072 5012
493 391 524 445 B.
552 391 602 444 DE
620 393 838 450 TARAXIPPO.
1199 399 1259 460 99‘

79 555 151 642 γὰρ
174 553 192 624 d
217 557 251 624 ἓν
270 552 439 650 Ὀλυμπίᾳ
461 561 682 644 Ταράξιππος
704 564 791 631 πολύ
815 565 854 654 δή
877 595 911 636 τι
932 563 1126 658 ὑπερηρκώς
1149 571 1240 640 ἐστιν

80 657 122 736 ἐς
144 659 263 727 ἵππων
286 661 415 750 φόβον).
449 665 486 731 In
501 666 673 735 Isthmiaco
696 668 864 754 Glaucum,
887 671 1019 758 Sisyphi
1042 673 1153 758 filium,
1176 677 1239 743 Ta·
1350 664 1352 670 ’

80 764 259 848 ranippum
288 767 386 833 fuisse
409 768 585 836 Pausanias
615 769 729 836 eodem
756 773 828 839 loco
858 781 967 840 narrat
994 770 1101 854 (Ἔστι
1126 775 1162 842 δὲ
1184 779 1239 843 καὶ

79 857 261 951 ἑνἸσθμῴ
281 865 503 953 Ταράξιππος
519 870 666 948 Γλαῦκος
689 866 706 936 d
730 871 897 959 Σισύφου·
920 879 1080 959 γενέσθαι
1096 877 1131 943 δὲ
1149 871 1239 964 αὐτῷ

78 965 144 1051 τὴν
167 965 322 1054 τελευτὴν
345 968 495 1054 λέγουσιν
510 965 576 1036 ὑπὸ
593 975 659 1036 τῶν
676 971 804 1052 ἵππων,
829 969 1058 1055 ὅσεἍκαστος
1080 979 1122 1044 τὰ
1146 965 1239 1046 ἆθλα

79 1067 213 1158 ἔθηκενΙ
230 1068 288 1135 ἐπὶ
310 1073 359 1156 τῷ
374 1076 500 1156 rucupi).
534 1075 597 1142 Hic
611 1076 708 1158 igitur
724 1077 770 1142 cis
792 1075 1052 1148 adnumerandus
1076 1089 1133 1166 cst,
1157 1104 1238 1167 qnos

77 1174 139 1238 ille
165 1172 206 1240 de
229 1173 398 1258 Olympico
414 1176 601 1260 Tarauippo
623 1178 724 1244 verba
746 1179 867 1246 faciens
890 1182 992 1264 primo
1014 1182 1086 1249 loco
1110 1204 1238 1254 enume-

77 1281 142 1340 rat
188 1275 238 1340 Ibi
262 1295 333 1342 cum
357 1276 483 1360 quade
506 1299 605 1345 causa
626 1277 759 1346 Olenius
782 1288 815 1347 et
830 1281 974 1348 Dameon
999 1304 1153 1367 equorum
1176 1294 1238 1354 ter-

78 1377 164 1444 roris
187 1383 295 1461 partes
317 1381 525 1463 susceperint,
548 1401 610 1446 non
633 1383 772 1465 perspici
798 1385 946 1466 potuerit,
969 1385 1030 1452 nisi
1055 1386 1237 1469 quodcum

77 1479 198 1546 Eliaca
220 1479 353 1547 historia
376 1481 513 1547 fabulari
536 1482 775 1565 quodammodo
799 1484 1024 1568 cohaerebant,
1048 1488 1090 1554 de
1112 1489 1236 1558 Glauco

77 1581 118 1647 id
140 1601 180 1648 co
202 1583 307 1665 magis
329 1583 509 1648 mirandum
532 1591 595 1666 est,
625 1585 711 1668 quod
735 1606 893 1668 quaenam
919 1607 969 1652 res
1001 1589 1031 1654 ei
1062 1609 1132 1654 cum
1155 1590 1237 1656 Isth-

78 1684 196 1751 miacis
219 1684 323 1767 luerit,
346 1685 460 1750 nullibi
475 1685 626 1752 traditum
650 1693 707 1753 est.
741 1687 825 1752 Nam
841 1688 951 1753 Peliae
968 1690 1063 1756 ludos
1086 1691 1236 1760 funebres

77 1784 172 1867 Iolci,
188 1786 221 1850 iu
238 1785 356 1869 oppido
372 1787 570 1872 Magnesiae,
587 1789 766 1855 celebratos
783 1809 853 1855 csse
868 1789 1085 1871 Apollodorus
1100 1792 1169 1876 (19,
1183 1797 1235 1871 27)

76 1893 225 1953 testatur.
274 1887 426 1970 Suspicor
455 1889 552 1972 igitur
580 1890 723 1956 fabulam
753 1889 915 1972 quandam
944 1889 1007 1957 huc
1035 1901 1235 1977 spectantem

77 1990 205 2071 perisse
228 2009 291 2054 uno
314 1991 426 2056 relicto
449 1991 596 2074 vestigio.
637 1992 733 2057 Pater
757 1993 842 2057 enim
858 1994 936 2074 eius,
959 1992 1129 2078 Sisyphus,
1151 1997 1235 2064 Isth·

77 2093 187 2158 miaca
209 2092 384 2158 instituisse
406 2099 553 2158 narratur
576 2094 730 2170 (PausH
747 2098 774 2176 1,
792 2097 832 2167 3).
868 2093 907 2159 ld
928 2114 1006 2161 vero
1029 2103 1141 2163 notatu
1163 2098 1232 2183 dig·

75 2213 155 2259 num
178 2192 305 2259 videtur
328 2195 425 2260 eliam
441 2196 473 2259 in
489 2193 611 2260 Isthmo
626 2194 757 2261 heroem
780 2215 837 2278 pro
858 2194 1015 2264 daemone
1038 2218 1138 2281 equos
1160 2219 1232 2282 per-

75 2296 210 2360 terrenti
233 2293 376 2361 habitum
400 2316 481 2377 esse,
503 2296 536 2361 id
560 2297 647 2378 quod
669 2316 788 2362 novum
810 2304 1032 2380 argumentum
1054 2301 1231 2366 sententiae

76 2415 169 2462 meae
192 2393 234 2463 de
257 2400 446 2480 antiquitate
469 2400 537 2464 eius
553 2400 680 2481 generis
696 2400 952 2483 Tar-axipporum
969 2401 1115 2483 prolatae
1137 2421 1228 2467 acce·

75 2499 134 2564 dit.
164 2497 249 2577 Quid
265 2499 386 2583 igitur?
416 2499 451 2565 Si
466 2498 636 2583 Olympiae
659 2501 826 2584 Neptunus
850 2502 1006 2584 Equester
1023 2503 1227 2586 Taraxippus

75 2601 200 2684 fuisset,
223 2620 328 2667 nonne
350 2603 450 2668 multo
466 2603 569 2684 magis
585 2604 617 2667 iu
632 2603 764 2685 Isthmo,
787 2604 840 2667 ubi
859 2609 986 2685 praeter
1002 2610 1125 2670 ceteros
1148 2605 1226 2672 deos

76 2704 109 2767 in
132 2701 255 2769 honore
278 2710 356 2786 crat,
379 2706 411 2768 in
434 2705 490 2770 illo
515 2725 642 2787 quoque
665 2706 858 2771 discriminis
876 2706 947 2771 loco
971 2725 1044 2770 eum
1066 2708 1130 2772 coli
1153 2729 1226 2774 corr-

74 2810 262 2870 sentaneum
286 2805 379 2871 erat?
420 2806 488 2871 Nec
510 2806 640 2872 fortuito
663 2807 782 2872 factum
805 2827 877 2873 reor
900 2809 932 2871 iu
956 2805 1146 2890 Olympiaca
1169 2831 1225 2892 po-

73 2907 233 2972 tissimum
262 2912 294 2972 et
323 2908 355 2970 in
384 2907 556 2974 Isthmiaco
585 2907 806 2992 hippodromis
836 2906 993 2975 eiusmodi
1022 2909 1225 2993 Taraxippos

72 3009 189 3074 inisse:
212 3007 246 3072 hi
268 3008 352 3074 enim
369 3010 580 3092 antiquissimi
598 3010 796 3076 fabulositati
812 3011 950 3076 maxime
970 3017 1061 3075 erant
1083 3011 1223 3076 obnoxii.

72 3109 223 3192 Namque
251 3111 284 3174 in
313 3111 445 3192 reliquis
474 3111 598 3177 duobus
628 3131 781 3193 equorum
810 3112 1022 3177 consternatio
1045 3111 1087 3176 ad
1111 3132 1224 3178 causas

73 3213 272 3278 referebatur
304 3214 478 3279 naturales:
513 3214 567 3278 ubi
601 3213 703 3278 cultus
732 3233 858 3295 qnoque
887 3213 1056 3295 religiosus
1090 3215 1136 3279 eis
1170 3214 1223 3281 de-

72 3313 172 3380 fuisse
202 3313 406 3380 coniciendus
436 3321 492 3380 est.
537 3315 585 3380 Ac
614 3313 655 3380 de
684 3314 847 3382 Nemeaeo
876 3314 1006 3396 quidem
1036 3313 1118 3411 haec
1146 3315 1225 3382 dicit

72 3421 186 3480 auctor
206 3422 329 3481 noster:
356 3407 420 3498 »Ἑν
436 3417 551 3499 Νεμέᾳ
576 3412 611 3477 δὲ
633 3416 673 3500 τῇ
684 3406 845 3498 Ἀργείων
867 3410 954 3501 ἥρως
970 3415 1029 3498 μὲν
1052 3412 1091 3502 ἦν
1115 3409 1224 3492 οὐδεὶς

9 3519 10 3532 ’
71 3507 166 3592 ὅστις
195 3514 340 3599 ἔβλαπτε
368 3515 445 3591 τούς
467 3515 611 3593 ἵππους,
640 3518 766 3601 πέτρας
796 3516 831 3581 δὲ
853 3511 956 3600 ὑπὲρ
980 3519 1057 3582 τῶν
1080 3515 1223 3582 ἵππων

69 3615 143 3704 τὴν
165 3614 330 3705 καμπὴν
353 3609 568 3704 ἀνεστηκυίας
586 3615 689 3702 χρόαν
713 3621 850 3704 πυρρᾶς,
874 3614 892 3702 ἡ
918 3609 982 3682 ἀπ’
1006 3610 1106 3701 αὐτῆς
1129 3608 1220 3702 αὐγή,

9 3755 10 3764 ¹
70 3711 282 3783 caedundae}
305 3721 360 3785 καὶ
383 3717 412 3784 εἰ
435 3722 512 3803 πῦρ,
537 3718 683 3785 ἐνεποίει
706 3719 813 3806 φόβον
836 3732 907 3795 τοῖς
927 3717 1082 3793 ἵπποις“.
1128 3719 1222 3787 Unde

72 3821 264 3888 concludere
293 3823 369 3888 licet
397 3822 482 3888 hunc
516 3822 760 3905 hippodromum
793 3824 825 3886 in
860 3823 977 3887 vallem
1011 3821 1146 3886 collibus
1181 3832 1220 3885 cf<

9 3903 10 3938 ³
71 3926 174 3989 tribus
202 3925 345 4006 partibus
375 3925 616 3990 circumclusam
647 3944 681 3989 se
711 3923 963 4000 insinuavisse¹l
1012 3922 1107 3986 Talia
1136 3924 1219 3988 eninr

157 4079 179 4138 l)
204 4072 507 4127 ctr.Pind.Nem.111
529 4077 573 4127 18:
597 4070 628 4129 ἐν
649 4071 805 4146 βαθυπίδῳ
827 4071 932 4148 Νεμέᾳ.
966 4071 1004 4123 VI
1022 4073 1068 4124 44:
1093 4073 1221 4138 δασκίοις

70 4161 228 4223 Φλιοῦντος
260 4151 311 4214 ὑπ’
338 4151 463 4230 ω’γυγίου
496 4153 600 4231 ἰίρεσιν.
645 4157 685 4212 Ol.
713 4157 752 4209 lX
776 4161 822 4210 87:
856 4154 969 4223 Νεμέας
998 4149 1072 4212 κατὰ
1099 4149 1218 4214 κόλπον.

978 4244 1014 4294 7*
