3076 5020
286 378 325 437 26
495 378 525 434 Ο.
552 378 603 434 DE
621 377 749 446 QUINTI
765 377 955 434 emundent
971 375 1221 434 HIPPODROMO.

285 557 429 618 secutum
458 571 529 618 esse
557 553 754 619 simillimum
784 558 832 618 est
853 553 931 619 veri.
976 551 1104 616 Etenim
1126 551 1264 617 Arminii
1285 550 1446 634 Koechly

286 653 444 719 sententia
465 653 599 737 (proleg.
622 653 665 720 ad
688 653 764 720 edit.
787 652 826 731 Q.
850 652 976 738 Smym.
998 672 1030 736 p.
1046 652 1182 732 XXVD:
1214 646 1363 720 ‘Secutus
1389 661 1446 718 est

286 746 472 821 Homerum’
505 755 584 821 mihi
606 755 736 839 quidem
756 757 852 822 nimis
881 775 996 821 severa
1023 763 1121 839 atque
1149 761 1286 838 angusta
1307 755 1445 822 videtur

286 876 366 924 esse.
411 856 447 923 Si
469 877 580 924 verum
602 865 660 942 est,
683 858 770 941 quod
791 857 877 924 idem
901 859 950 924 vir
973 856 1085 924 doctus
1109 859 1213 941 (proll.
1235 877 1267 940 p.
1283 857 1327 935 X)
1349 858 1444 924 coni-

286 960 345 1042 cit,
374 960 498 1044 cyclica
519 959 662 1026 carmina
689 961 754 1027 illis
783 960 980 1043 temporibus
1007 962 1073 1026 iam
1094 980 1159 1026 non
1180 961 1264 1026 lecta
1286 979 1373 1041 esse,
1407 965 1446 1024 at

286 1065 372 1127 certe
399 1060 586 1143 posterioris
608 1063 740 1146 5515115,
769 1063 905 1128 tortasse
926 1062 1192 1144 Alexandrinae„
1214 1062 1269 1129 vel
1289 1062 1352 1126 nisi
1375 1061 1445 1126 hoc

286 1161 411 1246 sufficit,
436 1164 532 1230 etiam
554 1165 725 1247 inferioris,
748 1165 888 1231 carmine
909 1165 956 1230 uti
978 1165 1095 1248 potuit,
1118 1163 1205 1246 qnod
1228 1163 1396 1229 materiem
1422 1183 1445 1228 a

287 1265 410 1349 cyclicc
433 1265 490 1330 illo
511 1284 569 1349 per
590 1267 709 1350 plures,
732 1268 760 1332 si
774 1267 873 1351 lubet,
895 1285 1009 1332 manns
1031 1266 1207 1349 repetebat
1244 1266 1292 1330 Ac
1313 1265 1446 1349 cyclica

285 1371 436 1450 poemata
467 1368 673 1449 perlustranti
705 1369 829 1433 nullum
861 1367 941 1432 mibi
970 1367 1098 1434 videtur
1125 1367 1246 1450 aptius,
1279 1365 1324 1432 ad
1350 1365 1444 1448 qnod

286 1469 381 1534 huius
404 1469 451 1534 rei
466 1488 571 1535 novae
586 1471 677 1552 origo
692 1470 857 1552 referatur,
881 1489 977 1552 quam
990 1469 1115 1536 Arctini
1128 1467 1309 1550 Aethiopis.
1343 1469 1444 1532 Hunc

286 1571 372 1636 enim
401 1571 537 1652 primum
566 1572 746 1654 equitantes
767 1571 948 1638 Amazones
974 1590 1110 1654 cumque
1131 1569 1182 1636 his
1204 1571 1287 1636 alios
1309 1589 1443 1652 quoqne

286 1672 402 1738 heroes
424 1673 466 1738 de
489 1674 580 1755 equis
601 1679 780 1756 pugnantes
802 1675 837 1738 in
858 1673 990 1740 heroum
1020 1692 1149 1739 carmen
1176 1672 1342 1738 induxisse
1365 1692 1442 1755 pro·

287 1775 404 1841 babilis
433 1781 483 1842 est
509 1776 667 1842 sententia
688 1774 852 1842 Welclreri
874 1775 944 1858 (llp.
961 1773 1050 1860 (tyci.
1064 1775 1106 1839 ll.
1128 1794 1159 1857 p.
1177 1777 1239 1837 215
1255 1777 1354 1856 sqq),
1386 1775 1441 1840 cui

286 1895 388 1958 nuper
408 1883 614 1944 monumento
635 1877 722 1961 apud
745 1876 1083 1962 Gjoelbaschidlrysa,
1105 1877 1213 1942 vicum
1234 1874 1365 1959 Lyciae,
1388 1893 1442 1941 re·

286 1984 377 2060 perto
401 1985 433 2044 ct
453 2000 475 2045 a
497 1978 689 2046 Benndorfio
712 1979 936 2046 Vindobonam
963 1985 1176 2061 transportato
1204 1997 1324 2044 novum
1345 1977 1442 2042 addi-

287 2086 355 2145 tum
378 2088 426 2147 est
447 2081 685 2147 adminiculum.
729 2081 767 2146 In
788 2081 988 2166 hyperthyro
1010 2079 1105 2147 huius
1126 2080 1235 2162 aedis,
1264 2079 1354 2145 cuius
1376 2079 1443 2145 ori·

288 2183 396 2264 ginem
417 2182 654 2266 archaeolcgici
676 2183 719 2248 ad
740 2184 906 2248 minimum
922 2184 1071 2265 quartia.
1088 2181 1145 2249 (lb.
1161 2202 1192 2246 n.
1209 2182 1330 2248 saeculi
1346 2181 1442 2246 initio

287 2286 444 2368 tribuunt,
473 2288 652 2354 Amazones
675 2286 765 2352 vario
794 2286 907 2352 habitu
935 2285 978 2350 de
1006 2286 1097 2368 equis
1126 2285 1316 2350 dimicantes
1343 2281 1442 2348 fictae

288 2396 369 2470 sunt,
393 2388 478 2455 unde
502 2390 712 2472 equitantium
728 2390 926 2453 Amazonum
948 2387 1132 2469 opinionem
1154 2392 1222 2451 tum
1239 2385 1393 2468 temporis
1407 2385 1442 2449 in

286 2491 352 2556 illis
381 2497 466 2556 certo
496 2492 681 2574 regionibus
709 2490 932 2574 pervulgatam
958 2490 1058 2556 fuisse
1087 2491 1201 2556 elucet.
1251 2485 1346 2564 Quod
1375 2507 1441 2552 non

289 2595 402 2658 mirum
426 2599 474 2658 est
495 2592 617 2659 idcirco
639 2593 715 2674 quia
728 2594 909 2659 Amazones
932 2591 1051 2675 quippe
1073 2591 1115 2656 ab
1137 2591 1260 2656 oriente
1274 2589 1440 2672 profectae

287 2696 385 2761 Asiae
407 2694 551 2777 gentium
573 2694 820 2776 cogitationibus
838 2695 1058 2777 multomagis
1073 2693 1327 2758 obversabantur
1342 2711 1440 2774 quam

288 2797 544 2863 occidentalium.
589 2795 703 2878 Neque
727 2796 928 2863 obliviscaris
950 2797 1111 2863 Milesium
1139 2796 1240 2862 fuisse
1260 2794 1439 2858 Arctinum.

289 2897 425 2976 Quintus
453 2904 560 2964 autem
587 2905 696 2964 noster
723 2899 751 2964 si
780 2898 914 2965 Homeri
947 2899 1075 2965 servilis
1111 2903 1249 2964 sectator
1282 2896 1440 2961 exsistere

289 3001 458 3084 voluisset,
486 3019 527 3065 ne
549 3000 623 3067 aliis
646 3000 775 3083 quidem
805 3002 885 3068 locis
915 3002 1039 3084 equites
1068 3001 1263 3084 proeliantes
1285 2997 1440 3063 inducere

289 3102 437 3186 debebat,
460 3102 548 3185 qnod
570 3104 698 3186 saepius
720 3103 797 3170 fecit
819 3104 886 3181 (cfr.
903 3101 1067 3169 Welckeri
1089 3099 1305 3184 ep.cyol.11.
1327 3119 1359 3182 p.
1376 3100 1439 3162 218

288 3205 362 3270 adn.
386 3207 448 3280 87).

373 3307 411 3370 In
434 3324 472 3371 eo
495 3325 623 3390 quoque
645 3308 687 3373 ab
708 3308 881 3374 Homerica
903 3307 1132 3392 consuetudine
1154 3304 1317 3386 discessit,
1351 3304 1441 3387 quod

288 3427 349 3473 nec
375 3408 507 3473 nomina
533 3411 675 3475 omnium
704 3411 846 3492 equitum
874 3429 934 3475 nec
962 3428 1129 3478 numerum
1157 3413 1305 3474 accurate
1333 3407 1441 3472 attth

289 3512 354 3589 (vv.
372 3513 558 3576 54551589
576 3504 696 3586 ἄλλοι).
736 3511 879 3577 Duorum
902 3512 1043 3577 solorum
1064 3509 1194 3576 nomina
1216 3509 1438 3591 comperimus,

289 3614 555 3697 Agamemnonis,
579 3614 650 3696 qui,
677 3619 712 3679 nt
732 3621 828 3680 antea
849 3615 947 3680 frater
969 3613 1149 3696 Menelaus,
1171 3611 1275 3677 victor
1297 3630 1316 3677 5
1338 3616 1439 3677 certa·

291 3715 375 3780 mine
404 3715 551 3797 procedit
578 3719 621 3792 (v.
644 3717 735 3799 580),
764 3721 797 3781 et
818 3714 965 3781 Stheneli
994 3714 1134 3781 secundo
1163 3713 1308 3796 praemio
1336 3715 1440 3779 ornati

289 3820 353 3887 (vv.
371 3819 442 3881 564.
459 3820 518 3884 581
533 3818 603 3901 sq).
647 3817 798 3901 Accedit,
829 3824 864 3883 ut
885 3838 949 3884 non
970 3817 1004 3881 in
1025 3816 1197 3882 Homerico
1227 3814 1439 3898 hippodromo

290 3920 422 3984 certatio
452 3918 523 4004 fiat,
553 3919 627 4002 sed,
656 3925 691 3984 ut
712 3919 799 4002 apud
821 3919 986 4004 Nonnum,
1020 3919 1054 3982 in
1075 3918 1229 3983 bimetato
1259 3936 1355 4000 quem
1376 3936 1439 3981 uno

290 4021 389 4086 verbo
411 4022 655 4104 appellaverim.
699 4022 847 4103 Namque
870 4041 923 4087 vv.
940 4023 1001 4085 565
1024 4027 1057 4086 51
1078 4023 1140 4086 583
1163 4018 1309 4086 Stheneli
1339 4037 1439 4101 equus

291 4142 411 4206 saepe
427 4121 612 4202 (πολλάκις)
629 4122 746 4188 dicitur
761 4144 781 4188 a
796 4128 882 4188 meta
897 4122 1046 4190 aberrare
1062 4124 1129 4198 (clr.
1146 4142 1177 4206 p.
1194 4125 1296 4204 9sq.)‚
1320 4141 1361 4186 ex
1377 4140 1440 4203 qua
