3072 5012
511 389 542 442 B.
571 384 621 441 DE
639 385 858 442 TARAXIPPO.
1217 383 1255 442 91

88 565 230 631 sionem
254 564 402 629 omisisse
422 562 585 646 putandus
607 567 663 627 est
708 561 779 627 Hoc
804 560 935 643 quidem
958 559 1108 642 exempla
1131 557 1256 624 docent

88 666 170 731 Iam
202 685 300 748 porro
328 685 400 731 cum
422 662 632 730 Antimachus
654 662 856 729 Thebaidem
884 663 931 728 eis
959 661 1156 744 temporibus
1183 680 1256 725 con-

88 769 239 851 ceperit,
262 767 377 850 quibus
393 765 555 848 Euripidis
571 764 741 848 Hippolyti
763 771 795 829 et
817 763 987 848 Sophoclis
1010 762 1160 828 Phaedra
1182 780 1257 844 age·

90 869 239 952 bantur,
269 868 357 935 haud
378 869 533 935 absonum
556 867 634 931 mihi
657 866 785 933 videtur
806 865 856 931 his
884 885 956 931 eum
978 866 1096 931 fabulis
1118 884 1257 930 commo-

91 979 170 1036 tum
203 991 296 1038 suum
321 972 542 1055 Taraxippum
563 968 606 1034 ad
632 968 874 1035 similitudinem
895 969 982 1034 illius
1003 988 1025 1032 a
1046 967 1196 1050 Neptuno
1224 967 1258 1030 in

92 1074 279 1157 Hippolyti
306 1074 481 1156 perniciem
509 1092 572 1138 non
602 1071 726 1138 scilicet
748 1070 781 1134 in
803 1071 977 1135 certamino
999 1070 1089 1134 missi
1112 1068 1259 1134 effecisse

93 1176 193 1254 (Eur.
211 1176 534 1258 Hippol.1201-48.
557 1174 613 1239 cfr.
633 1171 708 1238 Seu.
726 1171 895 1238 Phaedrae
917 1173 1125 1247 1000—117).
1163 1169 1257 1248 Quod

94 1279 126 1344 si
153 1278 361 1359 conceditur,
391 1279 496 1360 ipsum
518 1274 685 1340 Phoebum
714 1294 867 1356 equorum
894 1275 1089 1340 turbatorem
1117 1280 1173 1338 aut
1194 1273 1259 1337 iam

95 1379 320 1446 Antimachus
342 1398 360 1444 e
383 1380 506 1461 cyclica
520 1377 699 1459 Thebaide,
721 1396 805 1459 quae
827 1377 904 1459 quin
926 1377 956 1442 ei
978 1383 1054 1442 nota
1075 1377 1179 1458 luerit,
1203 1376 1259 1441 du·

95 1483 197 1546 bium
226 1501 290 1546 non
319 1490 381 1565 cst,
410 1487 551 1546 monstro
573 1479 685 1545 addito
707 1479 830 1561 recepit
855 1485 910 1544 aut
932 1478 1053 1544 Statius
1076 1477 1259 1542 Antimachi

97 1587 251 1650 monstro
279 1583 321 1648 de
349 1602 407 1649 suo
436 1582 563 1648 adiecit
608 1581 730 1645 Horum
753 1587 856 1645 utrum
885 1601 996 1647 verum
1018 1581 1076 1662 sit,
1106 1582 1163 1645 vix
1185 1580 1261 1645 licet

98 1685 293 1752 diiudicari.
337 1684 417 1750 Mihi
440 1683 572 1766 quidem
593 1682 675 1748 illud
697 1684 767 1747 veri
789 1683 917 1749 videtur
939 1683 1084 1748 similius.

194 1787 305 1853 Noxia
324 1791 467 1852 monstra
489 1785 606 1868 Apollo
629 1786 693 1849 iam
716 1786 749 1848 in
771 1785 895 1850 Arotini
916 1785 1065 1867 Iliupersi
1086 1784 1182 1866 misit,
1205 1784 1261 1848 ubi

100 1896 222 1956 contra
243 1889 475 1970 Laocoontem,
504 1887 705 1952 sacerdotem
727 1887 769 1952 ab
792 1906 831 1952 eo
860 1888 1050 1966 alienatum,
1079 1887 1174 1951 ambo
1196 1905 1260 1952 ser·

101 1998 223 2075 pentes
247 2009 265 2055 e
288 1991 369 2056 mari
392 1996 566 2071 emergunt.
611 1987 760 2053 Ceterum
782 1989 862 2053 talia
886 1995 1028 2054 monstra
1049 2009 1113 2054 non
1136 2007 1262 2071 semper

101 2095 232 2158 malum
255 2091 399 2157 indicant
421 2097 453 2156 et
475 2090 622 2156 afferunt.
656 2091 693 2154 ln
715 2092 879 2173 Apollonii
901 2089 1021 2156 Rhodii
1036 2091 1262 2173 Argonauticis

102 2196 164 2272 dv
183 2197 267 2258 1364
278 2195 360 2276 sqq.)
390 2194 556 2276 Neptunus
587 2193 780 2274 Argonautis
809 2189 975 2274 πελώριον
1004 2191 1114 2257 ἵππον
1144 2212 1162 2258 e
1190 2212 1262 2275 pro·

104 2296 211 2362 fundo
235 2296 340 2378 mittit,
365 2297 419 2378 qui
442 2296 488 2360 eis
511 2296 597 2360 viam
620 2300 783 2360 monstret.

197 2399 346 2480 Denique
369 2397 401 2461 in
418 2396 638 2480 Sophoclis
655 2397 782 2461 Electra
802 2399 866 2471 (vv.
885 2399 945 2460 698
958 2402 1040 2479 sqq.)
1056 2415 1161 2478 neque
1184 2395 1262 2460 deos

106 2519 217 2582 neque
240 2500 367 2564 omnino
389 2519 505 2564 numen
527 2499 626 2564 ullum
649 2516 748 2580 equos
770 2500 1020 2581 perterrefacere
1042 2500 1198 2582 reperies:
1222 2517 1263 2562 ex

108 2609 246 2667 naturae
268 2601 495 2683 consequentia
518 2620 627 2666 omnes
650 2621 742 2666 casus
764 2600 851 2665 fiunt.
896 2600 1029 2668 Sincere
1053 2602 1262 2685 paedagogus

108 2708 221 2768 narrat
249 2705 314 2778 (vv.
331 2705 392 2766 724
405 2703 487 2785 sqq.)
510 2701 665 2770 Aenianis
695 2722 793 2785 equos
823 2704 1061 2786 obstupefactos
1088 2703 1264 2784 circumagi

110 2811 144 2870 et
175 2823 248 2870 cum
269 2804 404 2870 Barcaei
433 2825 526 2870 curru
554 2824 751 2871 concurrere.
795 2805 876 2871 ltem
899 2805 1020 2872 Orestis
1049 2807 1148 2873 tristis
1170 2824 1263 2872 casus

110 2924 332 2989 equorumque
353 2924 509 2989 praeceps
532 2907 609 2989 iuga
631 2926 668 2972 eo
690 2908 880 2991 probantur,
910 2909 996 2991 quod
1025 2915 1130 2974 metae
1153 2909 1186 2972 in
1208 2928 1263 2972 an-

110 3009 216 3072 fractu
238 3006 279 3072 de
295 3007 469 3089 improviso
485 3015 575 3074 rotae
597 3009 774 3074 modiolum
792 3011 949 3093 impingit.
983 3010 1157 3093 Displicuit
1179 3013 1263 3075 enim

111 3107 269 3191 Sophocli
291 3107 371 3175 deus
394 3129 435 3174 ex
457 3111 615 3176 machina.
638 3148 680 3157 -

200 3210 341 3274 Primam
368 3211 545 3295 Paraxippi
578 3215 771 3279 mentionem
805 3215 932 3297 reperio
961 3214 993 3278 in
1021 3214 1264 3298 Aristopha-

114 3315 179 3378 nis
201 3312 370 3393 Equitibus
400 3317 441 3391 (v.
458 3316 547 3397 247),
575 3316 630 3380 ubi
660 3316 806 3382 similiter
831 3322 927 3398 atque
950 3316 982 3380 in
1006 3315 1264 3384 Achamensibus

112 3418 157 3492 (v.
174 3415 236 3478 280
249 3416 330 3496 sqq.)
353 3412 524 3481 choreutae
554 3417 636 3482 inter
658 3437 692 3483 se
715 3416 940 3502 adhortantur,
966 3424 1000 3483 ut
1022 3418 1265 3503 Paphlagonem

10 3531 11 3560 l
109 3515 303 3583 uerberibus
324 3517 409 3581 male
432 3518 583 3582 mulcent:

223 3645 306 3698 παῖε
327 3646 410 3699 παῖε
431 3631 489 3699 τὸν
514 3638 701 3722 πανοῦργον
723 3640 779 3703 καὶ
801 3631 1149 3723 ταραξιππόστρατον.

113 3754 190 3820 Non
211 3754 379 3837 intellego,
402 3774 458 3820 our
481 3756 624 3821 Kookius
646 3755 709 3822 hoc
730 3757 889 3822 vocabulo
912 3757 1085 3822 circensem
1108 3756 1265 3839 Taraxip·

10 3875 11 3883 ¹
113 3876 193 3940 pum
214 3855 387 3938 significari
410 3862 515 3939 neget.
525 3857 544 3933 ¹)
583 3859 684 3924 Immo
705 3859 812 3941 potius
834 3878 897 3923 una
920 3878 961 3924 ex
982 3859 1046 3923 illis
1062 3859 1265 3941 compositio·

204 4060 227 4119 1)
245 4054 346 4111 Adnot.
365 4057 490 4113 adhunc
509 4073 628 4113 versum:
647 4052 704 4112 ‘An
722 4057 774 4110 den
794 4057 925 4114 Poseidon
949 4054 1128 4129 ταράξιππος
1144 4058 1180 4112 ist
1190 4058 1266 4126 ,wohl

115 4139 275 4196 schwcrlich
293 4157 328 4194 zu
345 4135 470 4196 denken.’
