3076 5020
474 377 508 432 A.
534 376 586 430 DE
605 376 842 432 desonantes
1195 376 1235 434 55

83 555 121 619 in
142 552 270 619 sinistra
290 569 386 616 areae
408 556 499 634 parte
521 556 572 617 sat
593 551 735 633 amplum
754 548 936 615 extenditur
951 550 1100 632 spatium,
1123 549 1235 631 inquo

85 662 157 738 post
177 653 269 718 finita
290 654 467 718 eertamina
488 671 598 718 ourrus
619 653 721 718 libere
744 651 877 733 evagari
890 651 1065 734 potuerint:
1089 657 1186 734 atque
1202 651 1235 716 id

85 764 151 821 tam
171 754 353 821 necessario
375 753 562 836 requiritur,
592 754 681 819 utin
703 753 761 817 illa
781 758 873 834 parte
895 771 935 817 ne
961 753 1076 817 altaria
1104 752 1235 836 quidem

85 860 182 924 fuisse
204 856 301 922 faoile
322 854 524 938 crediderim,
546 853 664 921 nedum
687 854 851 938 oppidum.
902 853 1050 937 Denique
1073 845 1147 920 huie
1168 855 1235 936 opi-

85 959 172 1024 nioni
192 976 299 1040 neque
319 963 426 1023 uetera
441 957 622 1023 Pausaniae
637 957 737 1022 verha
759 956 886 1022 obstant
907 974 1011 1038 neque
1026 989 1067 1000 -
1083 963 1237 1039 quantum

87 1081 169 1127 nune
190 1058 333 1125 iudicare
354 1077 523 1140 possumus
544 1095 587 1106 -
609 1059 708 1140 ipsius
731 1057 793 1123 looi
815 1047 946 1122 natura'

170 1163 261 1228 Haeo
288 1162 505 1244 praeceptoris
534 1160 802 1231 venerandissimi
831 1159 989 1224 sententia
1016 1164 1104 1223 tanto
1132 1158 1237 1239 magis

87 1264 166 1329 mihi
193 1262 314 1330 arridet
336 1284 389 1347 ea,
419 1282 516 1346 quam
544 1262 613 1345 ipse
643 1261 684 1326 de
712 1279 747 1326 re
775 1259 855 1325 mihi
882 1259 1038 1326 finxeram
1051 1262 1088 1342 ¹),
1116 1265 1237 1324 utnon

87 1366 207 1448 possim
232 1367 357 1449 faeere,
389 1365 466 1448 quin
494 1365 581 1429 omni
609 1382 651 1428 ex
678 1368 770 1444 parte
798 1382 868 1427 eam
897 1362 1040 1443 probem.
1085 1361 1133 1426 Ao
1154 1380 1237 1426 nuno

89 1466 216 1549 quidem
238 1486 346 1532 meum
369 1472 418 1532 est
440 1465 584 1547 pluribus
607 1484 679 1529 eam
702 1484 872 1547 exponere.

173 1569 222 1634 De
249 1569 353 1633 forma
383 1565 584 1649 hippodromi
613 1586 696 1648 quae
721 1567 821 1630 verba
849 1565 1028 1632 Pausanias
1056 1565 1133 1630 feeit
1154 1565 1236 1642 (15):

91 1671 335 1752 ,παρεχομένου
359 1667 395 1732 δέ
416 1667 476 1731 τοῦ
500 1664 716 1748 ἱπποδρόμου
745 1660 959 1752 παρήκουσαν
986 1663 1020 1742 ἐς
1048 1666 1151 1730 πλέον
1178 1662 1237 1751 τὴν

90 1769 202 1851 ἑτέραν
224 1768 479 1850 τῶνπλευρῶν,
507 1763 597 1830 ἔστιν
620 1764 678 1832 ἐπὶ
700 1770 758 1853 τῆς
779 1766 931 1850 μείζονος
959 1768 1114 1853 πλευρᾶς,
1138 1762 1238 1853 οὔσης

86 1869 239 1954 χώματος
378 1867 396 1935 ὁ
425 1866 657 1952 Ταράξιππος.
681 1906 723 1916 -
750 1873 819 1955 (21,
844 1874 875 1949 1)
903 1867 940 1934 τὸ
972 1869 1008 1934 δὲ
1038 1868 1149 1954 ἕτερον
1178 1871 1238 1934 τοῦ

92 1971 305 2058 ἱπποδρόμου
327 1975 427 2056 μέρος
449 1962 487 2036 οὗ
507 1972 605 2051 χῶμα
627 1972 685 2054 γῆς
707 1969 812 2049 ἐστιν,
835 1965 913 2056 ὅρος
936 1970 973 2036 δέ
996 1963 1053 2052 οὐχ
1074 1965 1237 2057 ὖψηλόν“,

91 2097 130 2143 ea
151 2078 191 2142 ab
213 2077 361 2142 omnihus
383 2071 490 2139 adhue
512 2074 737 2155 interpretibus
759 2080 887 2155 praeter
908 2075 1099 2140 Bursianum
1120 2075 1237 2157 Geogr.

91 2180 144 2245 Gr.
159 2180 200 2244 Il.
215 2199 246 2262 p.
264 2180 325 2242 298
338 2196 385 2260 sq.
408 2177 454 2240 ita
469 2176 631 2240 intellecta
646 2181 728 2257 sunt,
750 2182 786 2240 ut
800 2175 948 2240 dextrum
971 2176 1055 2242 lutus
1076 2195 1238 2259 aggerem,

92 2283 252 2347 sinistrum
274 2280 389 2345 eollem
412 2277 511 2342 fuisse
527 2276 649 2341 vellent
670 2283 702 2343 et
724 2275 785 2342 hoo
808 2276 1041 2361 contraherent,
1064 2278 1144 2342 illud
1166 2297 1238 2359 pro-

92 2383 251 2448 ducerent
295 2380 334 2445 Id
356 2398 413 2446 suo
436 2378 538 2460 magis
561 2377 714 2442 arbitratu
737 2378 881 2444 fecerunt
902 2398 998 2462 quam
1021 2380 1145 2444 merito.
1188 2380 1238 2443 Ex

93 2505 153 2567 quo
174 2483 352 2566 sumptibus
375 2480 502 2563 imperii
517 2478 700 2545 Germanioi
722 2479 762 2545 de
785 2481 883 2546 stadii
904 2481 967 2546 situ
989 2480 1141 2547 certiores
1161 2481 1239 2546 faeti

92 2605 214 2667 sumus,
245 2584 437 2650 eontrarium
461 2581 569 2646 valere
598 2580 677 2646 mihi
704 2601 893 2663 persuasum
916 2588 973 2648 est.
1017 2582 1131 2664 Neque
1154 2584 1239 2648 enim

93 2687 226 2753 declivis
241 2684 370 2750 Saturni
393 2683 500 2764 oollis,
524 2702 620 2764 quam
642 2685 684 2748 ah
707 2684 831 2767 integro
854 2685 981 2751 sinistro
1004 2683 1035 2749 h.
1051 2704 1079 2750 e.
1103 2692 1239 2768 septem-

93 2789 217 2854 trionali
246 2787 343 2853 stadii
371 2803 490 2867 aggere
520 2791 709 2867 oeeupatum
738 2786 837 2852 fuisse
865 2787 1000 2868 seimus,
1033 2795 1141 2869 potest
1169 2807 1240 2853 esse

72 2906 75 2912 ·
94 2890 170 2955 illud
192 2880 271 2971 ὅρος
294 2879 351 2967 οὐχ
371 2881 517 2971 ὑψηλόν,
547 2894 772 2970 praeterquam
795 2885 881 2971 quod
911 2889 1025 2953 mirum
1055 2896 1154 2971 esset,
1177 2891 1240 2955 nisi

94 2991 267 3058 Pausanias
296 3009 370 3056 eum
397 2987 526 3053 nomine
554 2989 752 3070 appellasset
778 2997 813 3054 ut
835 2992 892 3070 20,
918 2994 945 3054 1.
990 2991 1075 3072 Ergo
1104 2991 1145 3056 de
1173 2993 1238 3056 alio

93 3093 238 3159 oollienlo
271 3089 476 3172 cogitandum
510 3095 568 3154 est.
619 3089 667 3155 Ao
696 3091 845 3171 quoniam
881 3090 1125 3174 hippodromum
1157 3093 1241 3157 inter

94 3195 230 3260 sudium
252 3199 284 3259 et
305 3191 423 3256 flumen
437 3189 600 3273 Alpheum
622 3191 788 3274 parallelis
811 3191 917 3258 stadio
932 3193 1085 3259 lateribus
1101 3195 1238 3276 positum

16 3349 17 3404 ]
95 3295 190 3363 fuisse
212 3294 411 3362 simillimum
434 3299 484 3358 est
498 3293 568 3357 veri
589 3292 657 3369 (eir.
674 3291 870 3359 Boettioheri
892 3294 957 3358 lah.
972 3295 1113 3377 regionis
1129 3294 1238 3379 Olym-

94 3399 204 3479 pieae),
228 3416 270 3463 ex
285 3396 399 3461 eadem
413 3395 547 3478 planitie
562 3394 653 3458 illum
677 3414 803 3477 quoque
825 3395 1007 3461 eollieulum
1028 3399 1241 3479 prominuisse

94 3500 227 3565 arbitror
243 3500 288 3563 ita
303 3498 444 3580 quidem,
466 3503 501 3561 ut
515 3516 573 3579 pro
589 3496 702 3561 dextro
719 3496 749 3560 h.
765 3516 792 3562 e.
809 3497 1011 3563 meridionali
1035 3499 1240 3582 hippodromi

94 3601 191 3667 latere
215 3605 308 3666 esset
353 3596 470 3681 Quem,
494 3605 529 3662 ut
551 3604 620 3663 erat
642 3597 787 3680 humilis,
810 3606 883 3682 post
905 3607 952 3665 tot
973 3602 1102 3666 saeeula
1122 3603 1240 3683 partlm

16 4839 20 4969 l

95 3703 180 3768 rabie
195 3699 315 3784 Alphei
337 3701 424 3782 ripas
446 3701 542 3783 longe
564 3700 748 3766 inundantis
770 3720 932 3766 corrosum
955 3708 987 3765 et
1008 3701 1150 3766 ablatum
1169 3713 1239 3783 par-

95 3804 148 3868 tim
176 3801 321 3868 eiusdem
344 3802 465 3868 alluvie
492 3809 664 3884 aequatum
693 3808 748 3867 aut
776 3803 1039 3867 terraemotibus
1063 3803 1240 3884 collapsum

178 3956 202 4016 l)
220 3951 303 4020 Spina
320 3965 336 4006 e
353 3951 538 4007 Romanorum
555 3952 723 4020 quorundam
741 3951 873 4005 circorum
897 3967 948 4005 usu
966 3950 1002 4004 ad
1019 3950 1155 4004 sinistram
1172 3951 1240 4005 obli·

16 4059 18 4076 ν
96 4042 174 4102 qanta
191 4037 320 4105 oppidum
336 4043 413 4091 reeta
431 4039 540 4104 regione
558 4037 677 4105 porticui
693 4040 836 4105 portatam
854 4035 1023 4089 latitudinem
1041 4040 1168 4088 extensae
1186 4052 1242 4091 me·

96 4119 201 4176 dissita
212 4121 401 4190 imposueram,
419 4128 449 4176 ut
461 4122 509 4177 ubi
520 4136 593 4178 nune
606 4125 648 4176 est
664 4121 744 4176 litera
762 4120 789 4186 S,
807 4120 846 4175 ibi
862 4121 942 4174 litera
960 4119 982 4172 F
1001 4124 1073 4174 esset
1082 4122 1119 4185 (v.
1127 4120 1183 4174 tab.
1196 4122 1240 4188 ll).
