<?xml version="1.0" encoding="UTF-8"?>
<!DOCTYPE html PUBLIC "-//W3C//DTD XHTML 1.0 Transitional//EN"
    "http://www.w3.org/TR/xhtml1/DTD/xhtml1-transitional.dtd">
<html xmlns="http://www.w3.org/1999/xhtml" xml:lang="en" lang="en">
 <head>
  <title>
</title>
<meta http-equiv="Content-Type" content="text/html;charset=utf-8" />
  <meta name='ocr-system' content='tesseract 3.04.00' />
  <meta name='ocr-capabilities' content='ocr_page ocr_carea ocr_par ocr_line ocrx_word'/>
</head>
<body>
  <div class='ocr_page' id='page_1' title='image "./hippodromica00pollgoog_0089.png"; bbox 0 0 3072 5012; ppageno 0'>
   <div class='ocr_carea' id='block_1_1' title="bbox 292 351 1051 420">
    <p class='ocr_par' dir='ltr' id='par_1_1' title="bbox 292 351 1051 420">
     <span class='ocr_line' id='line_1_1' title="bbox 292 351 1051 420; baseline -0.001 -9"><span class='ocrx_word' id='word_1_1' title='bbox 292 360 334 420; x_wconf 87' lang='lat'><strong>80</strong></span> <span class='ocrx_word' id='word_1_2' title='bbox 684 355 719 410; x_wconf 77' lang='lat' dir='ltr'><strong>A.</strong></span> <span class='ocrx_word' id='word_1_3' title='bbox 746 354 797 410; x_wconf 84' lang='lat' dir='ltr'><strong>DE</strong></span> <span class='ocrx_word' id='word_1_4' title='bbox 815 351 1051 410; x_wconf 83' lang='lat' dir='ltr'><strong>CARCERIBUS.</strong></span> 
     </span>
    </p>
   </div>
   <div class='ocr_carea' id='block_1_2' title="bbox 293 527 1514 3883">
    <p class='ocr_par' dir='ltr' id='par_1_2' title="bbox 293 527 1514 3883">
     <span class='ocr_line' id='line_1_2' title="bbox 293 527 1444 618; baseline -0.005 -18"><span class='ocrx_word' id='word_1_5' title='bbox 293 532 474 618; x_wconf 71' lang='lat' dir='ltr'><strong>praeclusit,</strong></span> <span class='ocrx_word' id='word_1_6' title='bbox 498 531 548 596; x_wconf 89' lang='lat' dir='ltr'><strong>oui</strong></span> <span class='ocrx_word' id='word_1_7' title='bbox 570 529 667 595; x_wconf 81' lang='lat' dir='ltr'>simili</span> <span class='ocrx_word' id='word_1_8' title='bbox 689 527 785 595; x_wconf 95' lang='lat' dir='ltr'>modo</span> <span class='ocrx_word' id='word_1_9' title='bbox 800 535 898 610; x_wconf 86' lang='lat' dir='ltr'><strong>atque</strong></span> <span class='ocrx_word' id='word_1_10' title='bbox 914 527 1128 595; x_wconf 84' lang='lat' dir='ltr'><strong>Delabordius</strong></span> <span class='ocrx_word' id='word_1_11' title='bbox 1151 548 1313 596; x_wconf 81' lang='lat' dir='ltr'><strong>ocrearum</strong></span> <span class='ocrx_word' id='word_1_12' title='bbox 1335 548 1444 594; x_wconf 88' lang='lat' dir='ltr'><strong>arcum</strong></span> 
     </span>
     <span class='ocr_line' id='line_1_3' title="bbox 293 628 1445 717; baseline -0.006 -14"><span class='ocrx_word' id='word_1_13' title='bbox 293 643 382 704; x_wconf 85' lang='lat' dir='ltr'><strong>recta</strong></span> <span class='ocrx_word' id='word_1_14' title='bbox 404 633 535 717; x_wconf 84' lang='lat' dir='ltr'>regione</span> <span class='ocrx_word' id='word_1_15' title='bbox 556 631 715 716; x_wconf 81' lang='lat' dir='ltr'>imposuit.</span> <span class='ocrx_word' id='word_1_16' title='bbox 760 629 839 696; x_wconf 85' lang='lat' dir='ltr'><strong>Cum</strong></span> <span class='ocrx_word' id='word_1_17' title='bbox 862 649 939 696; x_wconf 86' lang='lat' dir='ltr'><strong>vero</strong></span> <span class='ocrx_word' id='word_1_18' title='bbox 961 628 1118 714; x_wconf 92' lang='lat' dir='ltr'><strong>porticum</strong></span> <span class='ocrx_word' id='word_1_19' title='bbox 1145 632 1261 698; x_wconf 87' lang='lat' dir='ltr'><strong>dextro</strong></span> <span class='ocrx_word' id='word_1_20' title='bbox 1282 631 1377 698; x_wconf 90' lang='lat' dir='ltr'><strong>lateri</strong></span> <span class='ocrx_word' id='word_1_21' title='bbox 1401 632 1445 697; x_wconf 89' lang='lat' dir='ltr'><strong>sic</strong></span> 
     </span>
     <span class='ocr_line' id='line_1_4' title="bbox 294 731 1443 819; baseline -0.003 -16"><span class='ocrx_word' id='word_1_22' title='bbox 294 738 476 819; x_wconf 89' lang='lat' dir='ltr'><strong>acclinaret,</strong></span> <span class='ocrx_word' id='word_1_23' title='bbox 499 742 533 799; x_wconf 94' lang='lat' dir='ltr'><strong>ut</strong></span> <span class='ocrx_word' id='word_1_24' title='bbox 555 733 759 816; x_wconf 84' lang='lat' dir='ltr'><strong>rectangulns</strong></span> <span class='ocrx_word' id='word_1_25' title='bbox 780 731 880 813; x_wconf 88' lang='lat' dir='ltr'><strong>fieret,</strong></span> <span class='ocrx_word' id='word_1_26' title='bbox 903 739 1061 798; x_wconf 78' lang='lat' dir='ltr'><strong>certantes</strong></span> <span class='ocrx_word' id='word_1_27' title='bbox 1083 731 1218 800; x_wconf 80' lang='lat' dir='ltr'><strong>dextrae</strong></span> <span class='ocrx_word' id='word_1_28' title='bbox 1240 733 1313 799; x_wconf 86' lang='lat' dir='ltr'><strong>alac</strong></span> <span class='ocrx_word' id='word_1_29' title='bbox 1336 735 1443 800; x_wconf 89' lang='lat' dir='ltr'><strong>statio·</strong></span> 
     </span>
     <span class='ocr_line' id='line_1_5' title="bbox 294 834 1514 930; baseline -0.003 -25"><span class='ocrx_word' id='word_1_30' title='bbox 294 858 351 907; x_wconf 91' lang='lat' dir='ltr'><strong>ncs</strong></span> <span class='ocrx_word' id='word_1_31' title='bbox 374 837 478 904; x_wconf 88' lang='lat' dir='ltr'><strong>sortiti</strong></span> <span class='ocrx_word' id='word_1_32' title='bbox 499 837 599 901; x_wconf 92' lang='lat' dir='ltr'><strong>multo</strong></span> <span class='ocrx_word' id='word_1_33' title='bbox 621 834 831 916; x_wconf 83' lang='lat' dir='ltr'>iniquioribus</span> <span class='ocrx_word' id='word_1_34' title='bbox 846 834 889 899; x_wconf 88' lang='lat' dir='ltr'><strong>ad</strong></span> <span class='ocrx_word' id='word_1_35' title='bbox 905 835 1095 900; x_wconf 85' lang='lat' dir='ltr'><strong>exteriorem</strong></span> <span class='ocrx_word' id='word_1_36' title='bbox 1117 843 1236 902; x_wconf 85' lang='lat' dir='ltr'><strong>metam</strong></span> <span class='ocrx_word' id='word_1_37' title='bbox 1252 855 1444 920; x_wconf 87' lang='lat' dir='ltr'><strong>consequen·</strong></span> <span class='ocrx_word' id='word_1_38' title='bbox 1513 845 1514 930; x_wconf 68' lang='lat' dir='ltr'><strong>l</strong></span> 
     </span>
     <span class='ocr_line' id='line_1_6' title="bbox 295 936 1514 1019; baseline -0.002 -12"><span class='ocrx_word' id='word_1_39' title='bbox 295 941 370 1007; x_wconf 90' lang='lat' dir='ltr'><strong>dam</strong></span> <span class='ocrx_word' id='word_1_40' title='bbox 399 937 638 1006; x_wconf 80' lang='lat' dir='ltr'>condicionibus</span> <span class='ocrx_word' id='word_1_41' title='bbox 661 937 830 1003; x_wconf 87' lang='lat' dir='ltr'><strong>utebantur</strong></span> <span class='ocrx_word' id='word_1_42' title='bbox 852 955 948 1019; x_wconf 88' lang='lat' dir='ltr'><strong>quam</strong></span> <span class='ocrx_word' id='word_1_43' title='bbox 976 936 1133 1002; x_wconf 82' lang='lat' dir='ltr'><strong>sinistrae.</strong></span> <span class='ocrx_word' id='word_1_44' title='bbox 1177 939 1280 1006; x_wconf 91' lang='lat' dir='ltr'><strong>lmmo</strong></span> <span class='ocrx_word' id='word_1_45' title='bbox 1305 940 1353 1004; x_wconf 88' lang='lat' dir='ltr'><strong>ita</strong></span> <span class='ocrx_word' id='word_1_46' title='bbox 1376 960 1444 1005; x_wconf 92' lang='lat' dir='ltr'><strong>con·</strong></span> <span class='ocrx_word' id='word_1_47' title='bbox 1513 943 1514 994; x_wconf 71' lang='lat' dir='ltr'><strong>l</strong></span> 
     </span>
     <span class='ocr_line' id='line_1_7' title="bbox 294 1039 1444 1124; baseline -0.002 -16"><span class='ocrx_word' id='word_1_48' title='bbox 294 1043 436 1108; x_wconf 91' lang='lat' dir='ltr'><strong>diciones</strong></span> <span class='ocrx_word' id='word_1_49' title='bbox 452 1040 494 1105; x_wconf 88' lang='lat' dir='ltr'><strong>ad</strong></span> <span class='ocrx_word' id='word_1_50' title='bbox 510 1047 660 1124; x_wconf 90' lang='lat' dir='ltr'><strong>punctum</strong></span> <span class='ocrx_word' id='word_1_51' title='bbox 675 1039 758 1104; x_wconf 92' lang='lat' dir='ltr'><strong>inter</strong></span> <span class='ocrx_word' id='word_1_52' title='bbox 771 1039 854 1104; x_wconf 89' lang='lat' dir='ltr'><strong>hano</strong></span> <span class='ocrx_word' id='word_1_53' title='bbox 868 1048 987 1104; x_wconf 87' lang='lat' dir='ltr'><strong>metum</strong></span> <span class='ocrx_word' id='word_1_54' title='bbox 1003 1047 1036 1106; x_wconf 92' lang='lat' dir='ltr'><strong>et</strong></span> <span class='ocrx_word' id='word_1_55' title='bbox 1047 1039 1196 1107; x_wconf 89' lang='lat' dir='ltr'><strong>dextrum</strong></span> <span class='ocrx_word' id='word_1_56' title='bbox 1206 1042 1291 1109; x_wconf 90' lang='lat' dir='ltr'><strong>latus</strong></span> <span class='ocrx_word' id='word_1_57' title='bbox 1306 1043 1444 1110; x_wconf 89' lang='lat' dir='ltr'><strong>medium</strong></span> 
     </span>
     <span class='ocr_line' id='line_1_8' title="bbox 294 1140 1443 1230; baseline 0 -20"><span class='ocrx_word' id='word_1_58' title='bbox 294 1143 514 1226; x_wconf 86' lang='lat' dir='ltr'><strong>attingendum</strong></span> <span class='ocrx_word' id='word_1_59' title='bbox 537 1161 629 1228; x_wconf 87' lang='lat' dir='ltr'><strong>pares</strong></span> <span class='ocrx_word' id='word_1_60' title='bbox 652 1147 751 1206; x_wconf 86' lang='lat' dir='ltr'><strong>erant.</strong></span> <span class='ocrx_word' id='word_1_61' title='bbox 795 1140 830 1206; x_wconf 82' lang='lat' dir='ltr'><strong>si</strong></span> <span class='ocrx_word' id='word_1_62' title='bbox 852 1141 949 1225; x_wconf 87' lang='lat' dir='ltr'><strong>igitur</strong></span> <span class='ocrx_word' id='word_1_63' title='bbox 970 1142 1174 1209; x_wconf 89' lang='lat' dir='ltr'><strong>condiciones</strong></span> <span class='ocrx_word' id='word_1_64' title='bbox 1197 1151 1316 1209; x_wconf 89' lang='lat' dir='ltr'><strong>metam</strong></span> <span class='ocrx_word' id='word_1_65' title='bbox 1338 1151 1443 1230; x_wconf 90' lang='lat' dir='ltr'><strong>petcn-</strong></span> 
     </span>
     <span class='ocr_line' id='line_1_9' title="bbox 296 1241 1514 1336; baseline -0.001 -23"><span class='ocrx_word' id='word_1_66' title='bbox 296 1249 381 1316; x_wconf 91' lang='lat' dir='ltr'><strong>tibus</strong></span> <span class='ocrx_word' id='word_1_67' title='bbox 398 1265 579 1327; x_wconf 82' lang='lat' dir='ltr'><strong>exaequare</strong></span> <span class='ocrx_word' id='word_1_68' title='bbox 594 1243 733 1324; x_wconf 85' lang='lat' dir='ltr'><strong>volebat,</strong></span> <span class='ocrx_word' id='word_1_69' title='bbox 758 1241 904 1308; x_wconf 88' lang='lat' dir='ltr'><strong>dextram</strong></span> <span class='ocrx_word' id='word_1_70' title='bbox 920 1243 1061 1326; x_wconf 87' lang='lat' dir='ltr'><strong>porticus</strong></span> <span class='ocrx_word' id='word_1_71' title='bbox 1081 1253 1204 1326; x_wconf 90' lang='lat' dir='ltr'><strong>partem</strong></span> <span class='ocrx_word' id='word_1_72' title='bbox 1221 1245 1363 1314; x_wconf 90' lang='lat' dir='ltr'><strong>debebat</strong></span> <span class='ocrx_word' id='word_1_73' title='bbox 1377 1268 1441 1332; x_wconf 94' lang='lat' dir='ltr'><strong>pro·</strong></span> <span class='ocrx_word' id='word_1_74' title='bbox 1513 1311 1514 1336; x_wconf 59' lang='lat'><strong>,</strong></span> 
     </span>
     <span class='ocr_line' id='line_1_10' title="bbox 295 1345 1443 1432; baseline -0.003 -17"><span class='ocrx_word' id='word_1_75' title='bbox 295 1369 425 1415; x_wconf 90' lang='lat' dir='ltr'><strong>movere</strong></span> <span class='ocrx_word' id='word_1_76' title='bbox 448 1356 513 1429; x_wconf 89' lang='lat' dir='ltr'><strong>aut,</strong></span> <span class='ocrx_word' id='word_1_77' title='bbox 537 1355 569 1412; x_wconf 90' lang='lat' dir='ltr'><strong>nt</strong></span> <span class='ocrx_word' id='word_1_78' title='bbox 590 1365 648 1412; x_wconf 93' lang='lat' dir='ltr'><strong>nos</strong></span> <span class='ocrx_word' id='word_1_79' title='bbox 670 1347 814 1428; x_wconf 87' lang='lat' dir='ltr'><strong>iacimus,</strong></span> <span class='ocrx_word' id='word_1_80' title='bbox 837 1345 947 1429; x_wconf 88' lang='lat' dir='ltr'>oppidi</span> <span class='ocrx_word' id='word_1_81' title='bbox 969 1347 1131 1428; x_wconf 80' lang='lat' dir='ltr'><strong>regionem</strong></span> <span class='ocrx_word' id='word_1_82' title='bbox 1154 1347 1200 1412; x_wconf 91' lang='lat' dir='ltr'><strong>ita</strong></span> <span class='ocrx_word' id='word_1_83' title='bbox 1214 1350 1392 1432; x_wconf 86' lang='lat' dir='ltr'><strong>obliquare,</strong></span> <span class='ocrx_word' id='word_1_84' title='bbox 1413 1355 1443 1415; x_wconf 93' lang='lat' dir='ltr'><strong>nt</strong></span> 
     </span>
     <span class='ocr_line' id='line_1_11' title="bbox 296 1448 1514 1534; baseline -0.004 -14"><span class='ocrx_word' id='word_1_85' title='bbox 296 1452 440 1520; x_wconf 82' lang='lat' dir='ltr'><strong>ambolus</strong></span> <span class='ocrx_word' id='word_1_86' title='bbox 463 1451 505 1516; x_wconf 89' lang='lat' dir='ltr'><strong>ad</strong></span> <span class='ocrx_word' id='word_1_87' title='bbox 534 1449 724 1515; x_wconf 85' lang='lat' dir='ltr'><strong>exteriorem</strong></span> <span class='ocrx_word' id='word_1_88' title='bbox 752 1454 870 1514; x_wconf 87' lang='lat' dir='ltr'><strong>metam</strong></span> <span class='ocrx_word' id='word_1_89' title='bbox 901 1448 1030 1515; x_wconf 89' lang='lat' dir='ltr'><strong>derecta</strong></span> <span class='ocrx_word' id='word_1_90' title='bbox 1055 1457 1147 1516; x_wconf 90' lang='lat' dir='ltr'><strong>esset.</strong></span> <span class='ocrx_word' id='word_1_91' title='bbox 1191 1452 1340 1534; x_wconf 88' lang='lat' dir='ltr'><strong>Denique</strong></span> <span class='ocrx_word' id='word_1_92' title='bbox 1363 1451 1441 1534; x_wconf 91' lang='lat' dir='ltr'><strong>quod</strong></span> <span class='ocrx_word' id='word_1_93' title='bbox 1513 1501 1514 1534; x_wconf 81' lang='lat'><strong>,</strong></span> 
     </span>
     <span class='ocr_line' id='line_1_12' title="bbox 296 1543 1514 1637; baseline 0 -18"><span class='ocrx_word' id='word_1_94' title='bbox 296 1572 441 1619; x_wconf 87' lang='lat' dir='ltr'><strong>carceres</strong></span> <span class='ocrx_word' id='word_1_95' title='bbox 468 1572 532 1617; x_wconf 94' lang='lat' dir='ltr'><strong>non</strong></span> <span class='ocrx_word' id='word_1_96' title='bbox 559 1552 592 1616; x_wconf 93' lang='lat' dir='ltr'><strong>in</strong></span> <span class='ocrx_word' id='word_1_97' title='bbox 619 1551 864 1634; x_wconf 89' lang='lat' dir='ltr'>hippodromum</span> <span class='ocrx_word' id='word_1_98' title='bbox 894 1559 983 1616; x_wconf 90' lang='lat' dir='ltr'><strong>recta</strong></span> <span class='ocrx_word' id='word_1_99' title='bbox 1010 1551 1140 1635; x_wconf 83' lang='lat' dir='ltr'><strong>regione</strong></span> <span class='ocrx_word' id='word_1_100' title='bbox 1162 1560 1362 1637; x_wconf 83' lang='lat' dir='ltr'><strong>spectantes,</strong></span> <span class='ocrx_word' id='word_1_101' title='bbox 1389 1555 1441 1619; x_wconf 91' lang='lat' dir='ltr'><strong>sed</strong></span> <span class='ocrx_word' id='word_1_102' title='bbox 1513 1543 1514 1632; x_wconf 75' lang='lat' dir='ltr'><strong>i</strong></span> 
     </span>
     <span class='ocr_line' id='line_1_13' title="bbox 297 1639 1514 1742; baseline -0.005 -22"><span class='ocrx_word' id='word_1_103' title='bbox 297 1665 495 1721; x_wconf 85' lang='lat' dir='ltr'><strong>transversos</strong></span> <span class='ocrx_word' id='word_1_104' title='bbox 517 1655 637 1738; x_wconf 87' lang='lat' dir='ltr'><strong>posuit,</strong></span> <span class='ocrx_word' id='word_1_105' title='bbox 666 1661 701 1718; x_wconf 92' lang='lat' dir='ltr'><strong>ut</strong></span> <span class='ocrx_word' id='word_1_106' title='bbox 723 1651 836 1717; x_wconf 89' lang='lat' dir='ltr'><strong>maiori</strong></span> <span class='ocrx_word' id='word_1_107' title='bbox 865 1653 1053 1718; x_wconf 88' lang='lat' dir='ltr'><strong>certantium</strong></span> <span class='ocrx_word' id='word_1_108' title='bbox 1075 1673 1206 1720; x_wconf 91' lang='lat' dir='ltr'><strong>numero</strong></span> <span class='ocrx_word' id='word_1_109' title='bbox 1228 1657 1337 1739; x_wconf 90' lang='lat' dir='ltr'><strong>spatia</strong></span> <span class='ocrx_word' id='word_1_110' title='bbox 1356 1677 1439 1742; x_wconf 88' lang='lat' dir='ltr'><strong>prae·</strong></span> <span class='ocrx_word' id='word_1_111' title='bbox 1513 1639 1514 1714; x_wconf 82' lang='lat' dir='ltr'><strong>i</strong></span> 
     </span>
     <span class='ocr_line' id='line_1_14' title="bbox 297 1754 1439 1839; baseline 0 -17"><span class='ocrx_word' id='word_1_112' title='bbox 297 1761 404 1838; x_wconf 90' lang='lat' dir='ltr'><strong>beret,</strong></span> <span class='ocrx_word' id='word_1_113' title='bbox 432 1756 467 1820; x_wconf 94' lang='lat' dir='ltr'><strong>id</strong></span> <span class='ocrx_word' id='word_1_114' title='bbox 490 1756 673 1822; x_wconf 88' lang='lat' dir='ltr'><strong>Hermanno</strong></span> <span class='ocrx_word' id='word_1_115' title='bbox 695 1755 777 1821; x_wconf 89' lang='lat' dir='ltr'><strong>adeo</strong></span> <span class='ocrx_word' id='word_1_116' title='bbox 800 1754 937 1839; x_wconf 85' lang='lat' dir='ltr'><strong>placuit,</strong></span> <span class='ocrx_word' id='word_1_117' title='bbox 963 1762 1086 1820; x_wconf 91' lang='lat' dir='ltr'><strong>utrem</strong></span> <span class='ocrx_word' id='word_1_118' title='bbox 1109 1757 1253 1839; x_wconf 88' lang='lat' dir='ltr'><strong>pluribus</strong></span> <span class='ocrx_word' id='word_1_119' title='bbox 1275 1759 1373 1824; x_wconf 89' lang='lat' dir='ltr'><strong>etiam</strong></span> <span class='ocrx_word' id='word_1_120' title='bbox 1393 1779 1439 1824; x_wconf 91' lang='lat' dir='ltr'><strong>ex-</strong></span> 
     </span>
     <span class='ocr_line' id='line_1_15' title="bbox 297 1856 1440 1945; baseline 0 -21"><span class='ocrx_word' id='word_1_121' title='bbox 297 1867 429 1945; x_wconf 90' lang='lat' dir='ltr'><strong>poneret</strong></span> <span class='ocrx_word' id='word_1_122' title='bbox 450 1858 493 1942; x_wconf 93' lang='lat' dir='ltr'><strong>(p.</strong></span> <span class='ocrx_word' id='word_1_123' title='bbox 515 1859 577 1942; x_wconf 88' lang='lat' dir='ltr'><strong>to).</strong></span> <span class='ocrx_word' id='word_1_124' title='bbox 614 1860 686 1925; x_wconf 91' lang='lat' dir='ltr'><strong>Non</strong></span> <span class='ocrx_word' id='word_1_125' title='bbox 708 1875 837 1942; x_wconf 93' lang='lat' dir='ltr'><strong>possum</strong></span> <span class='ocrx_word' id='word_1_126' title='bbox 860 1856 938 1922; x_wconf 91' lang='lat' dir='ltr'><strong>satis</strong></span> <span class='ocrx_word' id='word_1_127' title='bbox 960 1857 1069 1923; x_wconf 88' lang='lat' dir='ltr'><strong>mirari</strong></span> <span class='ocrx_word' id='word_1_128' title='bbox 1091 1879 1154 1924; x_wconf 94' lang='lat' dir='ltr'><strong>non</strong></span> <span class='ocrx_word' id='word_1_129' title='bbox 1175 1860 1267 1926; x_wconf 93' lang='lat' dir='ltr'><strong>illum</strong></span> <span class='ocrx_word' id='word_1_130' title='bbox 1288 1862 1392 1945; x_wconf 91' lang='lat' dir='ltr'><strong>ipsum</strong></span> <span class='ocrx_word' id='word_1_131' title='bbox 1411 1862 1440 1924; x_wconf 94' lang='lat' dir='ltr'><strong>in</strong></span> 
     </span>
     <span class='ocr_line' id='line_1_16' title="bbox 297 1959 1440 2046; baseline 0.002 -20"><span class='ocrx_word' id='word_1_132' title='bbox 297 1982 336 2027; x_wconf 92' lang='lat' dir='ltr'><strong>eo</strong></span> <span class='ocrx_word' id='word_1_133' title='bbox 359 1960 547 2044; x_wconf 82' lang='lat' dir='ltr'><strong>offendisse,</strong></span> <span class='ocrx_word' id='word_1_134' title='bbox 577 1959 662 2041; x_wconf 95' lang='lat' dir='ltr'><strong>quod</strong></span> <span class='ocrx_word' id='word_1_135' title='bbox 691 1959 762 2044; x_wconf 89' lang='lat' dir='ltr'><strong>ipse</strong></span> <span class='ocrx_word' id='word_1_136' title='bbox 788 1968 914 2044; x_wconf 90' lang='lat' dir='ltr'><strong>aperte,</strong></span> <span class='ocrx_word' id='word_1_137' title='bbox 945 1965 1097 2041; x_wconf 87' lang='lat' dir='ltr'><strong>tanquam</strong></span> <span class='ocrx_word' id='word_1_138' title='bbox 1124 1962 1327 2028; x_wconf 91' lang='lat' dir='ltr'><strong>commodum</strong></span> <span class='ocrx_word' id='word_1_139' title='bbox 1356 1977 1440 2046; x_wconf 87' lang='lat' dir='ltr'><strong>esset,</strong></span> 
     </span>
     <span class='ocr_line' id='line_1_17' title="bbox 297 2057 1514 2150; baseline 0.001 -22"><span class='ocrx_word' id='word_1_140' title='bbox 297 2063 381 2129; x_wconf 91' lang='lat' dir='ltr'><strong>dixit</strong></span> <span class='ocrx_word' id='word_1_141' title='bbox 400 2057 559 2143; x_wconf 82' lang='lat' dir='ltr'><strong>‘egressos</strong></span> <span class='ocrx_word' id='word_1_142' title='bbox 588 2084 628 2129; x_wconf 90' lang='lat' dir='ltr'><strong>ex</strong></span> <span class='ocrx_word' id='word_1_143' title='bbox 656 2062 789 2128; x_wconf 85' lang='lat' dir='ltr'><strong>dextrae</strong></span> <span class='ocrx_word' id='word_1_144' title='bbox 811 2063 885 2128; x_wconf 87' lang='lat' dir='ltr'><strong>alae</strong></span> <span class='ocrx_word' id='word_1_145' title='bbox 913 2063 1094 2127; x_wconf 88' lang='lat' dir='ltr'><strong>carceribus</strong></span> <span class='ocrx_word' id='word_1_146' title='bbox 1120 2082 1220 2145; x_wconf 91' lang='lat' dir='ltr'><strong>equos</strong></span> <span class='ocrx_word' id='word_1_147' title='bbox 1241 2065 1383 2150; x_wconf 90' lang='lat' dir='ltr'><strong>paullum</strong></span> <span class='ocrx_word' id='word_1_148' title='bbox 1404 2066 1441 2130; x_wconf 91' lang='lat' dir='ltr'><strong>ad</strong></span> <span class='ocrx_word' id='word_1_149' title='bbox 1513 2091 1514 2098; x_wconf 40' lang='grc' dir='ltr'>ι</span> 
     </span>
     <span class='ocr_line' id='line_1_18' title="bbox 297 2163 1439 2252; baseline 0.001 -21"><span class='ocrx_word' id='word_1_150' title='bbox 297 2169 441 2248; x_wconf 86' lang='lat' dir='ltr'><strong>laevam,</strong></span> <span class='ocrx_word' id='word_1_151' title='bbox 470 2186 511 2230; x_wconf 89' lang='lat' dir='ltr'><strong>ex</strong></span> <span class='ocrx_word' id='word_1_152' title='bbox 534 2165 669 2230; x_wconf 89' lang='lat' dir='ltr'><strong>sinistris</strong></span> <span class='ocrx_word' id='word_1_153' title='bbox 690 2163 733 2230; x_wconf 87' lang='lat' dir='ltr'><strong>ad</strong></span> <span class='ocrx_word' id='word_1_154' title='bbox 756 2163 902 2229; x_wconf 86' lang='lat' dir='ltr'><strong>dextram</strong></span> <span class='ocrx_word' id='word_1_155' title='bbox 924 2163 1098 2230; x_wconf 89' lang='lat' dir='ltr'><strong>flectendos</strong></span> <span class='ocrx_word' id='word_1_156' title='bbox 1123 2167 1235 2250; x_wconf 88' lang='lat' dir='ltr'><strong>fuisse,</strong></span> <span class='ocrx_word' id='word_1_157' title='bbox 1264 2168 1439 2252; x_wconf 90' lang='lat' dir='ltr'><strong>priusquam</strong></span> 
     </span>
     <span class='ocr_line' id='line_1_19' title="bbox 298 2264 1514 2352; baseline 0 -18"><span class='ocrx_word' id='word_1_158' title='bbox 298 2277 387 2334; x_wconf 86' lang='lat' dir='ltr'><strong>recta</strong></span> <span class='ocrx_word' id='word_1_159' title='bbox 409 2265 644 2352; x_wconf 86' lang='lat' dir='ltr'><strong>procederent&#39;.</strong></span> <span class='ocrx_word' id='word_1_160' title='bbox 690 2264 775 2343; x_wconf 82' lang='lat' dir='ltr'><strong>Quid</strong></span> <span class='ocrx_word' id='word_1_161' title='bbox 798 2266 896 2348; x_wconf 79' lang='lat' dir='ltr'><strong>ergo?</strong></span> <span class='ocrx_word' id='word_1_162' title='bbox 940 2267 1106 2345; x_wconf 81' lang='lat' dir='ltr'><strong>Quomodo</strong></span> <span class='ocrx_word' id='word_1_163' title='bbox 1136 2270 1305 2352; x_wconf 86' lang='lat' dir='ltr'><strong>quisquam</strong></span> <span class='ocrx_word' id='word_1_164' title='bbox 1328 2279 1440 2338; x_wconf 80' lang='lat' dir='ltr'><strong>certon</strong></span> <span class='ocrx_word' id='word_1_165' title='bbox 1513 2291 1514 2316; x_wconf 68' lang='grc' dir='ltr'>ι</span> 
     </span>
     <span class='ocr_line' id='line_1_20' title="bbox 298 2368 1441 2456; baseline 0 -20"><span class='ocrx_word' id='word_1_166' title='bbox 298 2371 376 2436; x_wconf 92' lang='lat' dir='ltr'><strong>tium</strong></span> <span class='ocrx_word' id='word_1_167' title='bbox 400 2391 418 2436; x_wconf 92' lang='lat' dir='ltr'><strong>e</strong></span> <span class='ocrx_word' id='word_1_168' title='bbox 439 2370 577 2436; x_wconf 89' lang='lat' dir='ltr'><strong>statione</strong></span> <span class='ocrx_word' id='word_1_169' title='bbox 600 2368 694 2434; x_wconf 88' lang='lat' dir='ltr'><strong>evehi</strong></span> <span class='ocrx_word' id='word_1_170' title='bbox 715 2375 850 2451; x_wconf 90' lang='lat' dir='ltr'><strong>poterat,</strong></span> <span class='ocrx_word' id='word_1_171' title='bbox 874 2369 935 2433; x_wconf 90' lang='lat' dir='ltr'><strong>nisi</strong></span> <span class='ocrx_word' id='word_1_172' title='bbox 957 2377 991 2434; x_wconf 93' lang='lat' dir='ltr'><strong>ut</strong></span> <span class='ocrx_word' id='word_1_173' title='bbox 1014 2390 1085 2435; x_wconf 91' lang='lat' dir='ltr'><strong>cum</strong></span> <span class='ocrx_word' id='word_1_174' title='bbox 1108 2389 1199 2436; x_wconf 88' lang='lat' dir='ltr'><strong>curru</strong></span> <span class='ocrx_word' id='word_1_175' title='bbox 1223 2394 1240 2438; x_wconf 91' lang='lat' dir='ltr'><strong>e</strong></span> <span class='ocrx_word' id='word_1_176' title='bbox 1262 2373 1441 2456; x_wconf 83' lang='lat' dir='ltr'><strong>proximas</strong></span> 
     </span>
     <span class='ocr_line' id='line_1_21' title="bbox 299 2470 1514 2557; baseline -0.001 -19"><span class='ocrx_word' id='word_1_177' title='bbox 299 2493 334 2538; x_wconf 89' lang='lat' dir='ltr'><strong>se</strong></span> <span class='ocrx_word' id='word_1_178' title='bbox 362 2472 498 2537; x_wconf 89' lang='lat' dir='ltr'><strong>statione</strong></span> <span class='ocrx_word' id='word_1_179' title='bbox 529 2470 650 2554; x_wconf 83' lang='lat' dir='ltr'><strong>egressi</strong></span> <span class='ocrx_word' id='word_1_180' title='bbox 678 2470 868 2536; x_wconf 76' lang='lat' dir='ltr'><strong>collideret?</strong></span> <span class='ocrx_word' id='word_1_181' title='bbox 917 2472 1088 2537; x_wconf 86' lang='lat' dir='ltr'><strong>Praeterea</strong></span> <span class='ocrx_word' id='word_1_182' title='bbox 1120 2473 1353 2557; x_wconf 89' lang='lat' dir='ltr'><strong>ineptissimum</strong></span> <span class='ocrx_word' id='word_1_183' title='bbox 1381 2485 1441 2541; x_wconf 89' lang='lat' dir='ltr'><strong>crat</strong></span> <span class='ocrx_word' id='word_1_184' title='bbox 1513 2503 1514 2506; x_wconf 37' lang='lat'>¹</span> 
     </span>
     <span class='ocr_line' id='line_1_22' title="bbox 299 2573 1440 2655; baseline -0.001 -14"><span class='ocrx_word' id='word_1_185' title='bbox 299 2581 458 2641; x_wconf 85' lang='lat' dir='ltr'><strong>certantes</strong></span> <span class='ocrx_word' id='word_1_186' title='bbox 481 2593 594 2655; x_wconf 85' lang='lat' dir='ltr'><strong>cogere</strong></span> <span class='ocrx_word' id='word_1_187' title='bbox 618 2594 659 2639; x_wconf 91' lang='lat' dir='ltr'><strong>ex</strong></span> <span class='ocrx_word' id='word_1_188' title='bbox 681 2573 760 2655; x_wconf 93' lang='lat' dir='ltr'><strong>ipsis</strong></span> <span class='ocrx_word' id='word_1_189' title='bbox 789 2573 969 2639; x_wconf 88' lang='lat' dir='ltr'><strong>carceribus</strong></span> <span class='ocrx_word' id='word_1_190' title='bbox 991 2575 1099 2639; x_wconf 89' lang='lat' dir='ltr'><strong>statim</strong></span> <span class='ocrx_word' id='word_1_191' title='bbox 1124 2581 1196 2644; x_wconf 90' lang='lat' dir='ltr'><strong>arto</strong></span> <span class='ocrx_word' id='word_1_192' title='bbox 1218 2574 1304 2641; x_wconf 89' lang='lat' dir='ltr'><strong>flexu</strong></span> <span class='ocrx_word' id='word_1_193' title='bbox 1326 2597 1440 2643; x_wconf 90' lang='lat' dir='ltr'><strong>cursum</strong></span> 
     </span>
     <span class='ocr_line' id='line_1_23' title="bbox 299 2675 1514 2759; baseline 0.002 -19"><span class='ocrx_word' id='word_1_194' title='bbox 299 2676 478 2759; x_wconf 88' lang='lat' dir='ltr'><strong>declinare,</strong></span> <span class='ocrx_word' id='word_1_195' title='bbox 512 2676 587 2759; x_wconf 89' lang='lat' dir='ltr'><strong>quia</strong></span> <span class='ocrx_word' id='word_1_196' title='bbox 615 2675 684 2741; x_wconf 89' lang='lat' dir='ltr'><strong>sine</strong></span> <span class='ocrx_word' id='word_1_197' title='bbox 714 2695 802 2740; x_wconf 86' lang='lat' dir='ltr'><strong>mora</strong></span> <span class='ocrx_word' id='word_1_198' title='bbox 829 2697 868 2740; x_wconf 91' lang='lat' dir='ltr'><strong>ac</strong></span> <span class='ocrx_word' id='word_1_199' title='bbox 895 2676 1132 2758; x_wconf 87' lang='lat' dir='ltr'><strong>perturbatione</strong></span> <span class='ocrx_word' id='word_1_200' title='bbox 1162 2677 1287 2742; x_wconf 85' lang='lat' dir='ltr'><strong>excurri</strong></span> <span class='ocrx_word' id='word_1_201' title='bbox 1317 2679 1439 2742; x_wconf 91' lang='lat' dir='ltr'><strong>multum</strong></span> <span class='ocrx_word' id='word_1_202' title='bbox 1513 2675 1514 2756; x_wconf 72' lang='lat' dir='ltr'><strong>i</strong></span> 
     </span>
     <span class='ocr_line' id='line_1_24' title="bbox 299 2775 1514 2861; baseline -0.005 -17"><span class='ocrx_word' id='word_1_203' title='bbox 299 2780 461 2845; x_wconf 89' lang='lat' dir='ltr'><strong>intererat.</strong></span> <span class='ocrx_word' id='word_1_204' title='bbox 507 2777 593 2855; x_wconf 83' lang='lat' dir='ltr'><strong>Quas</strong></span> <span class='ocrx_word' id='word_1_205' title='bbox 616 2777 737 2842; x_wconf 87' lang='lat' dir='ltr'><strong>evitare</strong></span> <span class='ocrx_word' id='word_1_206' title='bbox 759 2777 805 2842; x_wconf 88' lang='lat' dir='ltr'><strong>sio</strong></span> <span class='ocrx_word' id='word_1_207' title='bbox 827 2775 1049 2842; x_wconf 89' lang='lat' dir='ltr'><strong>dillioillimum</strong></span> <span class='ocrx_word' id='word_1_208' title='bbox 1066 2783 1142 2858; x_wconf 90' lang='lat' dir='ltr'><strong>erat,</strong></span> <span class='ocrx_word' id='word_1_209' title='bbox 1165 2779 1355 2861; x_wconf 83' lang='lat' dir='ltr'><strong>praesertim</strong></span> <span class='ocrx_word' id='word_1_210' title='bbox 1377 2799 1440 2844; x_wconf 93' lang='lat' dir='ltr'><strong>cum</strong></span> <span class='ocrx_word' id='word_1_211' title='bbox 1513 2779 1514 2838; x_wconf 89' lang='lat' dir='ltr'><strong>l</strong></span> 
     </span>
     <span class='ocr_line' id='line_1_25' title="bbox 300 2879 1514 2988; baseline -0.005 -38"><span class='ocrx_word' id='word_1_212' title='bbox 300 2884 375 2967; x_wconf 91' lang='lat' dir='ltr'><strong>equi</strong></span> <span class='ocrx_word' id='word_1_213' title='bbox 404 2901 530 2949; x_wconf 90' lang='lat' dir='ltr'><strong>cursum</strong></span> <span class='ocrx_word' id='word_1_214' title='bbox 560 2886 745 2964; x_wconf 85' lang='lat' dir='ltr'><strong>expetentes</strong></span> <span class='ocrx_word' id='word_1_215' title='bbox 772 2879 977 2944; x_wconf 89' lang='lat' dir='ltr'><strong>vehementer</strong></span> <span class='ocrx_word' id='word_1_216' title='bbox 1005 2879 1182 2945; x_wconf 87' lang='lat' dir='ltr'><strong>ferocirent.</strong></span> <span class='ocrx_word' id='word_1_217' title='bbox 1233 2880 1326 2958; x_wconf 77' lang='lat' dir='ltr'><strong>Quod</strong></span> <span class='ocrx_word' id='word_1_218' title='bbox 1355 2883 1440 2948; x_wconf 93' lang='lat' dir='ltr'><strong>miror</strong></span> <span class='ocrx_word' id='word_1_219' title='bbox 1513 2921 1514 2988; x_wconf 34' lang='grc' dir='ltr'>ι</span> 
     </span>
     <span class='ocr_line' id='line_1_26' title="bbox 301 2980 1514 3064; baseline -0.005 -12"><span class='ocrx_word' id='word_1_220' title='bbox 301 2987 342 3053; x_wconf 89' lang='lat' dir='ltr'><strong>ab</strong></span> <span class='ocrx_word' id='word_1_221' title='bbox 366 2986 548 3051; x_wconf 89' lang='lat' dir='ltr'><strong>Hermanno</strong></span> <span class='ocrx_word' id='word_1_222' title='bbox 571 2983 679 3062; x_wconf 80' lang='lat' dir='ltr'><strong>negari</strong></span> <span class='ocrx_word' id='word_1_223' title='bbox 704 2981 748 3064; x_wconf 93' lang='lat' dir='ltr'><strong>(p.</strong></span> <span class='ocrx_word' id='word_1_224' title='bbox 765 2980 807 3064; x_wconf 81' lang='lat'><strong>7).</strong></span> <span class='ocrx_word' id='word_1_225' title='bbox 845 2981 969 3046; x_wconf 82' lang='lat' dir='ltr'><strong>Etenim</strong></span> <span class='ocrx_word' id='word_1_226' title='bbox 992 2981 1053 3047; x_wconf 90' lang='lat' dir='ltr'><strong>nisi</strong></span> <span class='ocrx_word' id='word_1_227' title='bbox 1076 2982 1109 3047; x_wconf 94' lang='lat' dir='ltr'><strong>id</strong></span> <span class='ocrx_word' id='word_1_228' title='bbox 1131 2982 1198 3047; x_wconf 90' lang='lat' dir='ltr'><strong>suis</strong></span> <span class='ocrx_word' id='word_1_229' title='bbox 1220 2983 1320 3048; x_wconf 92' lang='lat' dir='ltr'><strong>oculis</strong></span> <span class='ocrx_word' id='word_1_230' title='bbox 1342 2982 1439 3050; x_wconf 86' lang='lat' dir='ltr'><strong>videre</strong></span> <span class='ocrx_word' id='word_1_231' title='bbox 1513 3003 1514 3032; x_wconf 61' lang='grc' dir='ltr'>ι</span> 
     </span>
     <span class='ocr_line' id='line_1_27' title="bbox 300 3075 1438 3172; baseline -0.005 -18"><span class='ocrx_word' id='word_1_232' title='bbox 300 3089 404 3172; x_wconf 90' lang='lat' dir='ltr'><strong>potuit</strong></span> <span class='ocrx_word' id='word_1_233' title='bbox 426 3097 604 3171; x_wconf 90' lang='lat' dir='ltr'><strong>propterea,</strong></span> <span class='ocrx_word' id='word_1_234' title='bbox 627 3083 713 3167; x_wconf 89' lang='lat' dir='ltr'><strong>qnod</strong></span> <span class='ocrx_word' id='word_1_235' title='bbox 735 3081 803 3148; x_wconf 88' lang='lat' dir='ltr'><strong>eins</strong></span> <span class='ocrx_word' id='word_1_236' title='bbox 824 3089 930 3148; x_wconf 89' lang='lat' dir='ltr'><strong>aetate</strong></span> <span class='ocrx_word' id='word_1_237' title='bbox 952 3084 1112 3165; x_wconf 88' lang='lat' dir='ltr'><strong>equestria</strong></span> <span class='ocrx_word' id='word_1_238' title='bbox 1134 3075 1308 3150; x_wconf 85' lang='lat' dir='ltr'><strong>certamina</strong></span> <span class='ocrx_word' id='word_1_239' title='bbox 1329 3095 1438 3152; x_wconf 90' lang='lat' dir='ltr'><strong>nostra·</strong></span> 
     </span>
     <span class='ocr_line' id='line_1_28' title="bbox 299 3187 1514 3280; baseline -0.003 -25"><span class='ocrx_word' id='word_1_240' title='bbox 299 3193 385 3256; x_wconf 93' lang='lat' dir='ltr'><strong>tibus</strong></span> <span class='ocrx_word' id='word_1_241' title='bbox 414 3190 512 3255; x_wconf 93' lang='lat' dir='ltr'><strong>multo</strong></span> <span class='ocrx_word' id='word_1_242' title='bbox 541 3189 645 3252; x_wconf 92' lang='lat' dir='ltr'><strong>minus</strong></span> <span class='ocrx_word' id='word_1_243' title='bbox 675 3187 794 3251; x_wconf 88' lang='lat' dir='ltr'><strong>usitata</strong></span> <span class='ocrx_word' id='word_1_244' title='bbox 822 3191 911 3249; x_wconf 90' lang='lat' dir='ltr'><strong>erant</strong></span> <span class='ocrx_word' id='word_1_245' title='bbox 940 3205 1036 3266; x_wconf 91' lang='lat' dir='ltr'><strong>quam</strong></span> <span class='ocrx_word' id='word_1_246' title='bbox 1066 3206 1163 3268; x_wconf 90' lang='lat' dir='ltr'><strong>nuno,</strong></span> <span class='ocrx_word' id='word_1_247' title='bbox 1192 3193 1301 3252; x_wconf 88' lang='lat' dir='ltr'><strong>tamen</strong></span> <span class='ocrx_word' id='word_1_248' title='bbox 1325 3195 1439 3253; x_wconf 85' lang='lat' dir='ltr'><strong>veteres</strong></span> <span class='ocrx_word' id='word_1_249' title='bbox 1513 3235 1514 3280; x_wconf 71' lang='lat'><strong>,</strong></span> 
     </span>
     <span class='ocr_line' id='line_1_29' title="bbox 300 3285 1438 3374; baseline -0.003 -17"><span class='ocrx_word' id='word_1_250' title='bbox 300 3292 413 3357; x_wconf 89' lang='lat' dir='ltr'><strong>audire</strong></span> <span class='ocrx_word' id='word_1_251' title='bbox 436 3291 577 3357; x_wconf 88' lang='lat' dir='ltr'><strong>debebat</strong></span> <span class='ocrx_word' id='word_1_252' title='bbox 598 3296 725 3374; x_wconf 87' lang='lat' dir='ltr'><strong>poetas,</strong></span> <span class='ocrx_word' id='word_1_253' title='bbox 756 3287 811 3370; x_wconf 93' lang='lat' dir='ltr'><strong>qui</strong></span> <span class='ocrx_word' id='word_1_254' title='bbox 838 3285 916 3351; x_wconf 87' lang='lat' dir='ltr'><strong>data</strong></span> <span class='ocrx_word' id='word_1_255' title='bbox 938 3288 1105 3354; x_wconf 87' lang='lat' dir='ltr'><strong>occasione</strong></span> <span class='ocrx_word' id='word_1_256' title='bbox 1127 3306 1227 3369; x_wconf 89' lang='lat' dir='ltr'><strong>equos</strong></span> <span class='ocrx_word' id='word_1_257' title='bbox 1254 3295 1361 3354; x_wconf 88' lang='lat' dir='ltr'><strong>contra</strong></span> <span class='ocrx_word' id='word_1_258' title='bbox 1381 3311 1438 3354; x_wconf 85' lang='lat' dir='ltr'><strong>car·</strong></span> 
     </span>
     <span class='ocr_line' id='line_1_30' title="bbox 302 3388 1439 3476; baseline -0.002 -18"><span class='ocrx_word' id='word_1_259' title='bbox 302 3413 409 3458; x_wconf 89' lang='lat' dir='ltr'><strong>cerum</strong></span> <span class='ocrx_word' id='word_1_260' title='bbox 421 3395 574 3476; x_wconf 84' lang='lat' dir='ltr'><strong>repagula</strong></span> <span class='ocrx_word' id='word_1_261' title='bbox 585 3394 804 3475; x_wconf 87' lang='lat' dir='ltr'><strong>obstrepentes</strong></span> <span class='ocrx_word' id='word_1_262' title='bbox 816 3388 996 3454; x_wconf 91' lang='lat' dir='ltr'><strong>describere</strong></span> <span class='ocrx_word' id='word_1_263' title='bbox 1007 3389 1063 3454; x_wconf 86' lang='lat' dir='ltr'><strong>vix</strong></span> <span class='ocrx_word' id='word_1_264' title='bbox 1077 3409 1227 3472; x_wconf 89' lang='lat' dir='ltr'><strong>umquam</strong></span> <span class='ocrx_word' id='word_1_265' title='bbox 1238 3390 1439 3474; x_wconf 82' lang='lat' dir='ltr'><strong>omiserunt.¹)</strong></span> 
     </span>
     <span class='ocr_line' id='line_1_31' title="bbox 387 3491 1439 3574; baseline -0.003 -15"><span class='ocrx_word' id='word_1_266' title='bbox 387 3493 544 3573; x_wconf 84' lang='lat' dir='ltr'><strong>Quoniam</strong></span> <span class='ocrx_word' id='word_1_267' title='bbox 560 3493 758 3558; x_wconf 90' lang='lat' dir='ltr'><strong>Viscontium</strong></span> <span class='ocrx_word' id='word_1_268' title='bbox 773 3509 908 3572; x_wconf 89' lang='lat' dir='ltr'><strong>cumque</strong></span> <span class='ocrx_word' id='word_1_269' title='bbox 924 3511 962 3557; x_wconf 93' lang='lat' dir='ltr'><strong>eo</strong></span> <span class='ocrx_word' id='word_1_270' title='bbox 984 3491 1079 3556; x_wconf 93' lang='lat' dir='ltr'><strong>simul</strong></span> <span class='ocrx_word' id='word_1_271' title='bbox 1094 3491 1322 3574; x_wconf 87' lang='lat' dir='ltr'><strong>Hermannnm,</strong></span> <span class='ocrx_word' id='word_1_272' title='bbox 1344 3493 1439 3573; x_wconf 91' lang='lat' dir='ltr'><strong>quoad</strong></span> 
     </span>
     <span class='ocr_line' id='line_1_32' title="bbox 302 3592 1439 3680; baseline -0.003 -19"><span class='ocrx_word' id='word_1_273' title='bbox 302 3594 432 3678; x_wconf 77' lang='lat' dir='ltr'><strong>quide‘m</strong></span> <span class='ocrx_word' id='word_1_274' title='bbox 460 3595 550 3660; x_wconf 95' lang='lat' dir='ltr'><strong>illum</strong></span> <span class='ocrx_word' id='word_1_275' title='bbox 572 3595 771 3680; x_wconf 89' lang='lat' dir='ltr'><strong>probaverit,</strong></span> <span class='ocrx_word' id='word_1_276' title='bbox 800 3594 1036 3677; x_wconf 85' lang='lat' dir='ltr'><strong>redarguimus,</strong></span> <span class='ocrx_word' id='word_1_277' title='bbox 1066 3593 1130 3657; x_wconf 89' lang='lat' dir='ltr'><strong>iam</strong></span> <span class='ocrx_word' id='word_1_278' title='bbox 1155 3592 1197 3657; x_wconf 87' lang='lat' dir='ltr'><strong>ad</strong></span> <span class='ocrx_word' id='word_1_279' title='bbox 1220 3613 1336 3659; x_wconf 90' lang='lat' dir='ltr'><strong>novam</strong></span> <span class='ocrx_word' id='word_1_280' title='bbox 1357 3594 1439 3659; x_wconf 90' lang='lat' dir='ltr'><strong>buius</strong></span> 
     </span>
     <span class='ocr_line' id='line_1_33' title="bbox 302 3694 1439 3780; baseline -0.003 -17"><span class='ocrx_word' id='word_1_281' title='bbox 302 3697 493 3764; x_wconf 90' lang='lat' dir='ltr'><strong>sententiam</strong></span> <span class='ocrx_word' id='word_1_282' title='bbox 509 3698 708 3780; x_wconf 90' lang='lat' dir='ltr'><strong>accedamus,</strong></span> <span class='ocrx_word' id='word_1_283' title='bbox 725 3716 893 3778; x_wconf 88' lang='lat' dir='ltr'><strong>quaecum</strong></span> <span class='ocrx_word' id='word_1_284' title='bbox 912 3694 1064 3760; x_wconf 87' lang='lat' dir='ltr'><strong>Viscontii</strong></span> <span class='ocrx_word' id='word_1_285' title='bbox 1079 3715 1141 3760; x_wconf 94' lang='lat' dir='ltr'><strong>non</strong></span> <span class='ocrx_word' id='word_1_286' title='bbox 1158 3695 1317 3761; x_wconf 88' lang='lat' dir='ltr'><strong>cohaeret.</strong></span> <span class='ocrx_word' id='word_1_287' title='bbox 1347 3696 1439 3762; x_wconf 88' lang='lat' dir='ltr'><strong>Sentit</strong></span> 
     </span>
     <span class='ocr_line' id='line_1_34' title="bbox 303 3797 1439 3883; baseline -0.002 -17"><span class='ocrx_word' id='word_1_288' title='bbox 303 3801 386 3866; x_wconf 90' lang='lat' dir='ltr'><strong>enirn</strong></span> <span class='ocrx_word' id='word_1_289' title='bbox 410 3800 455 3883; x_wconf 87' lang='lat' dir='ltr'><strong>(p.</strong></span> <span class='ocrx_word' id='word_1_290' title='bbox 473 3799 537 3883; x_wconf 85' lang='lat'><strong>13),</strong></span> <span class='ocrx_word' id='word_1_291' title='bbox 560 3821 631 3864; x_wconf 89' lang='lat' dir='ltr'><strong>cum</strong></span> <span class='ocrx_word' id='word_1_292' title='bbox 654 3800 806 3883; x_wconf 94' lang='lat' dir='ltr'><strong>oppidum</strong></span> <span class='ocrx_word' id='word_1_293' title='bbox 823 3799 930 3882; x_wconf 91' lang='lat' dir='ltr'><strong>plures</strong></span> <span class='ocrx_word' id='word_1_294' title='bbox 953 3816 1048 3877; x_wconf 89' lang='lat' dir='ltr'><strong>quam</strong></span> <span class='ocrx_word' id='word_1_295' title='bbox 1071 3797 1259 3862; x_wconf 89' lang='lat' dir='ltr'><strong>curriculum</strong></span> <span class='ocrx_word' id='word_1_296' title='bbox 1282 3797 1439 3880; x_wconf 85' lang='lat' dir='ltr'><strong>quadrigas</strong></span> 
     </span>
    </p>
   </div>
   <div class='ocr_carea' id='block_1_3' title="bbox 302 3977 1440 4170">
    <p class='ocr_par' dir='ltr' id='par_1_3' title="bbox 302 3977 1440 4170">
     <span class='ocr_line' id='line_1_35' title="bbox 390 3977 1440 4084; baseline -0.004 -10"><span class='ocrx_word' id='word_1_297' title='bbox 390 4025 414 4083; x_wconf 82' lang='lat' dir='ltr'>o</span> <span class='ocrx_word' id='word_1_298' title='bbox 440 4019 566 4074; x_wconf 59' lang='lat' dir='ltr'><strong>utores</strong></span> <span class='ocrx_word' id='word_1_299' title='bbox 580 4017 608 4070; x_wconf 89' lang='grc' dir='ltr'><strong>ιι</strong></span> <span class='ocrx_word' id='word_1_300' title='bbox 623 3977 680 4070; x_wconf 65' lang='grc' dir='ltr'>ιιι]</span> <span class='ocrx_word' id='word_1_301' title='bbox 699 4014 1072 4071; x_wconf 62' lang='lat' dir='ltr'><strong>sternutantes-ror.</strong></span> <span class='ocrx_word' id='word_1_302' title='bbox 1095 4013 1185 4084; x_wconf 78' lang='lat' dir='ltr'><strong>spon.</strong></span> <span class='ocrx_word' id='word_1_303' title='bbox 1199 4013 1253 4068; x_wconf 83' lang='lat' dir='ltr'><strong>sm.</strong></span> <span class='ocrx_word' id='word_1_304' title='bbox 1267 4015 1440 4070; x_wconf 72' lang='lat' dir='ltr'><strong>carnxxru</strong></span> 
     </span>
     <span class='ocr_line' id='line_1_36' title="bbox 302 4103 661 4170; baseline -0.003 -12"><span class='ocrx_word' id='word_1_305' title='bbox 302 4104 354 4170; x_wconf 79' lang='lat' dir='ltr'><strong>(ed.</strong></span> <span class='ocrx_word' id='word_1_306' title='bbox 373 4103 516 4167; x_wconf 76' lang='lat' dir='ltr'><strong>sirmond.)</strong></span> <span class='ocrx_word' id='word_1_307' title='bbox 536 4106 661 4157; x_wconf 79' lang='grc'><strong>331-34.</strong></span> 
     </span>
    </p>
   </div>
   <div class='ocr_carea' id='block_1_4' title="bbox 0 0 1550 5012">
    <p class='ocr_par' dir='ltr' id='par_1_4' title="bbox 0 0 1550 5012">
     <span class='ocr_line' id='line_1_37' title="bbox 0 0 1550 5012; baseline 0 0"><span class='ocrx_word' id='word_1_308' title='bbox 0 0 1550 5012; x_wconf 95' lang='lat' dir='ltr'><strong> </strong></span> 
     </span>
    </p>
   </div>
  </div>
 </body>
</html>
