3072 5012
518 357 549 410 Β.
576 355 627 410 DE
646 356 866 411 TARAXIPPO.
1225 360 1263 419 87

89 528 284 593 collocatio
307 549 328 593 a
350 527 479 595 disertis
494 529 658 612 scriptoris
674 530 782 596 verbis
797 531 921 597 absona
943 537 1006 596 est:
1030 527 1088 595 ἐπὶ
1110 533 1170 618 τῆς
1190 538 1264 615 μεί-

91 625 205 705 ζονος
227 628 389 711 πλευρᾶς,
420 623 520 715 οὔσης
539 627 703 711 χώματος.
750 632 875 698 Deinde
901 634 1112 714 neglexerunt
1133 635 1265 700 interio-

89 752 178 796 rem
207 737 326 797 metam
355 732 442 797 idem
471 737 568 813 atque
597 733 788 798 exteriorem
816 734 993 815 periculum
1015 734 1264 801 circumflecten-

91 834 198 898 tihus
227 833 356 898 minari:
386 852 463 916 ergo
492 835 537 899 ibi
566 854 691 917 quoque
718 835 938 916 Taraxippum
968 854 1077 900 eorum
1105 839 1265 903 sententia

92 934 307 1017 postulari.¹)
336 934 431 1012 Quod
446 935 508 1002 hoc
522 937 676 1016 fecerunt,
692 935 806 1001 eadem
823 956 887 1018 qua
897 937 1044 1020 plerique
1059 939 1264 1021 neglegentia

93 1037 355 1101 laboraverunt:
371 1037 475 1103 solent
489 1039 574 1103 enim
590 1038 739 1103 oblivisci
751 1059 816 1103 non
829 1039 1020 1104 exteriorem
1031 1039 1138 1121 modo,
1154 1059 1264 1105 verum

97 1138 298 1203 interiorem
320 1139 418 1202 etiam
439 1145 559 1204 metam
582 1141 691 1221 fuisse,
714 1159 797 1221 quae
820 1140 861 1204 ab
877 1140 935 1204 illa
954 1141 1044 1205 nulla
1058 1142 1091 1205 in
1106 1160 1140 1206 re
1156 1140 1264 1207 differ-

96 1245 169 1304 ret.
216 1238 339 1304 Eodem
362 1241 494 1307 crimine
516 1261 557 1306 ne
579 1241 796 1306 Hermannum
820 1241 950 1324 quidem
968 1243 1065 1324 plane
1087 1244 1264 1326 absolvam,

99 1341 167 1424 qui
190 1360 222 1423 p.
240 1344 279 1404 13
301 1341 407 1407 Hirtio
429 1343 585 1426 castigato
608 1344 830 1426 Taraxippnm
851 1343 897 1407 ibi
919 1343 985 1408 fere
1008 1345 1185 1426 constituit,
1209 1345 1265 1410 ubi

99 1463 191 1526 ego,
214 1444 278 1508 nisi
300 1443 387 1525 quod
409 1445 442 1508 in
465 1445 579 1510 dextro
602 1447 703 1511 latere
726 1464 798 1509 eum
820 1445 936 1527 posuit.
980 1444 1036 1509 Ait
1058 1448 1143 1511 enim
1166 1446 1263 1513 haec:

95 1538 185 1609 ‘lna
208 1564 362 1627 equorum
384 1538 608 1629 perturbatio',
632 1547 743 1629 inquit,
763 1539 874 1628 ‘quam
901 1551 932 1610 et
955 1544 1126 1630 Olympiae
1148 1555 1180 1614 et
1202 1549 1264 1632 Py-

99 1647 211 1713 thone
240 1654 272 1713 et
299 1648 333 1712 in
354 1647 475 1713 Isthmo
505 1656 537 1714 et
558 1649 702 1712 Nemeae
725 1647 930 1731 Taraxippo,
959 1655 1122 1731 tamquam
1150 1650 1265 1716 infesto

101 1749 242 1816 cuidam
257 1750 363 1833 genio,
385 1757 529 1816 veterum
545 1751 727 1833 superstitio
743 1749 914 1832 tribuebat,
933 1751 966 1814 in
982 1752 1062 1818 locis
1078 1753 1147 1818 istis
1163 1753 1265 1816 omni-

100 1854 172 1918 bus
201 1852 312 1934 paullo
340 1858 415 1917 ante
443 1852 620 1916 anfractum
646 1852 689 1917 ad
717 1851 921 1916 remotiorem
950 1857 1069 1917 metam
1092 1853 1264 1918 oriebatur.

103 1955 198 2019 Nam
221 1972 318 2036 quum
341 1954 468 2018 omnino
491 1954 665 2019 alacriores
686 1951 766 2017 fiunt
784 1952 1021 2034 ferocioresque
1045 1955 1128 2037 equi,
1151 1955 1207 2019 ubi
1229 1974 1264 2020 se

103 2077 153 2121 ex
176 2061 264 2121 recto
287 2074 397 2136 cursu,
425 2055 614 2136 praesertim
637 2055 826 2120 brevissimo
855 2052 960 2136 flexu,
988 2061 1073 2119 retro
1095 2061 1203 2120 actum
1226 2057 1266 2120 iri

103 2158 346 2242 praesentiunt,
375 2157 452 2239 quia
478 2163 510 2221 et
537 2157 656 2240 pedum
684 2157 815 2221 fortiore
844 2156 916 2220 nisu
945 2163 978 2221 et
1003 2157 1100 2221 totins
1123 2157 1266 2239 corporis

105 2259 255 2342 quadam
277 2259 370 2340 quasi
392 2258 639 2341 conglobatione
663 2277 742 2340 opus
766 2264 829 2340 est,
858 2263 925 2348 tum
947 2259 1047 2322 multo
1070 2259 1174 2340 magis
1196 2278 1266 2324 sae-

105 2362 181 2426 vire
204 2361 379 2443 incipiunt,
403 2380 500 2442 quum
523 2361 702 2443 coniugatis
724 2360 844 2426 sinistri
867 2358 1071 2440 cohibentur,
1094 2359 1267 2424 incitantur

106 2471 221 2528 autem
244 2462 363 2528 dextri:
388 2483 450 2544 quo
475 2470 507 2527 et
528 2463 693 2544 regiminis
716 2470 748 2528 et
768 2481 919 2527 cursurae
934 2459 1080 2542 dissidia,
1104 2460 1180 2525 dum
1202 2461 1265 2543 ipsi

108 2585 147 2630 se
170 2564 266 2630 simul
289 2572 321 2629 et
342 2570 456 2646 urgent
478 2569 509 2630 et
531 2564 724 2647 impediunt,
747 2562 816 2628 fieri
838 2583 903 2628 non
924 2567 1044 2645 potest,
1068 2563 1144 2644 quin
1167 2562 1265 2628 rehe-

108 2671 238 2731 menter
260 2666 486 2731 oonturbentur
508 2666 726 2749 facillimeque
748 2685 856 2732 currus
880 2664 1090 2746 confringant.
1111 2665 1178 2734 lix
1201 2683 1265 2748 quo

108 2773 258 2851 apparet,
281 2786 319 2832 eo
342 2767 414 2832 loco
438 2768 658 2850 Taraxippum
680 2770 721 2834 ab
737 2767 843 2832 Hirtio
867 2785 938 2832 esse
960 2767 1176 2847 constitutum,
1200 2786 1264 2849 quo

108 2871 179 2934 iam
209 2875 359 2952 superata
387 2876 473 2934 meta
501 2870 618 2935 desinit
645 2870 752 2953 potins
781 2869 838 2933 illa
867 2868 1002 2932 imitatio
1033 2874 1065 2933 et
1091 2866 1266 2952 fluctuatio,

109 2992 209 3056 quam
233 2977 268 3035 ut
289 2971 335 3036 ibi
357 2971 483 3036 initium
505 2991 620 3053 capere
634 2973 745 3054 possit.
783 2971 846 3036 Hic
869 2969 999 3051 quidem
1015 2987 1103 3033 error
1117 2971 1265 3052 proprius

110 3081 163 3140 est
184 3074 291 3152 Hirtii,
314 3073 432 3138 vitatus
455 3094 551 3156 quum
575 3075 616 3138 ab
640 3074 723 3156 aliis,
746 3079 813 3137 tum
835 3073 877 3136 ab
901 3070 937 3137 Ο.
961 3062 1142 3136 Muellero'.
1180 3071 1266 3136 Illud

110 3176 319 3260 praesagium
341 3177 469 3241 tametsi
493 3195 646 3258 equorum
669 3181 839 3239 tremorem
862 3194 902 3238 ac
923 3173 1195 3256 perturbationem
1210 3192 1266 3238 au·

111 3299 191 3362 gere
213 3283 354 3360 poterat,
383 3284 490 3344 tamen
513 3279 583 3344 sola
605 3277 674 3342 eius
697 3296 795 3341 causa
816 3281 988 3357 propterea
1010 3295 1081 3342 esse
1101 3275 1266 3358 nequibat,

110 3379 202 3464 quod
225 3379 312 3445 idem
335 3381 426 3461 equis
449 3380 566 3445 circum
591 3379 774 3444 interiorem
797 3384 914 3442 metam
934 3376 1065 3442 flexuris
1087 3375 1265 3442 accidebat.

199 3482 293 3547 Nunc
315 3483 466 3564 quoniam
490 3500 619 3546 oausam
641 3480 674 3544 in
695 3480 767 3562 ipsa
789 3481 884 3545 totius
914 3478 1118 3563 hippodromi
1142 3479 1266 3543 institu-

111 3585 202 3650 tione
231 3583 393 3648 oonditam
422 3601 584 3665 exponere
614 3588 746 3646 conatus
776 3601 861 3663 sum,
890 3600 954 3663 qua
976 3581 1127 3646 commoti
1149 3578 1267 3643 Graeci

112 3684 294 3767 Taraxippi
322 3684 505 3767 opinionem
535 3683 736 3765 habuissent,
766 3683 835 3747 eius
864 3683 1024 3763 opinionis
1054 3687 1086 3745 et
1109 3679 1265 3762 originem

112 3793 148 3852 et
167 3786 425 3870 progressionem
446 3787 536 3851 lubet
556 3784 708 3868 persequi
730 3783 772 3848 ad
788 3781 1011 3866 Olympiacum
1028 3799 1181 3863 equorum
1204 3785 1265 3845 ter-

3 3895 4 3898 ’
111 3907 219 3954 rorem
240 3895 402 3971 postremo
424 3887 576 3953 redituro.

204 4042 227 4102 1]
246 4037 308 4092 Non
325 4043 433 4092 nostra:
452 4053 516 4091 nam
527 4051 658 4106 equorum
668 4033 824 4089 interiorem
840 4033 938 4086 metam
954 4029 1138 4085 ambenntium
1155 4029 1267 4085 umbrae

112 4127 179 4192 post
195 4138 241 4176 eos
259 4128 345 4177 erant.
