<?xml version="1.0" encoding="UTF-8"?>
<!DOCTYPE html PUBLIC "-//W3C//DTD XHTML 1.0 Transitional//EN"
    "http://www.w3.org/TR/xhtml1/DTD/xhtml1-transitional.dtd">
<html xmlns="http://www.w3.org/1999/xhtml" xml:lang="en" lang="en">
 <head>
  <title>
</title>
<meta http-equiv="Content-Type" content="text/html;charset=utf-8" />
  <meta name='ocr-system' content='tesseract 3.04.00' />
  <meta name='ocr-capabilities' content='ocr_page ocr_carea ocr_par ocr_line ocrx_word'/>
</head>
<body>
  <div class='ocr_page' id='page_1' title='image "./hippodromica00pollgoog_0034.png"; bbox 0 0 3076 5020; ppageno 0'>
   <div class='ocr_carea' id='block_1_1' title="bbox 252 1200 1107 1438">
    <p class='ocr_par' dir='ltr' id='par_1_1' title="bbox 252 1200 1107 1438">
     <span class='ocr_line' id='line_1_1' title="bbox 656 1200 691 1267; baseline -0.057 0"><span class='ocrx_word' id='word_1_1' title='bbox 656 1200 691 1267; x_wconf 85' lang='grc' dir='ltr'><strong>Ο.</strong></span> 
     </span>
     <span class='ocr_line' id='line_1_2' title="bbox 252 1349 1107 1438; baseline 0.001 -5"><span class='ocrx_word' id='word_1_2' title='bbox 252 1350 313 1434; x_wconf 75' lang='lat' dir='ltr'><strong>llll</strong></span> <span class='ocrx_word' id='word_1_3' title='bbox 340 1350 501 1438; x_wconf 72' lang='lat' dir='ltr'><strong>ouidii</strong></span> <span class='ocrx_word' id='word_1_4' title='bbox 529 1349 775 1436; x_wconf 79' lang='lat' dir='ltr'><strong>SMYRNAEI</strong></span> <span class='ocrx_word' id='word_1_5' title='bbox 800 1350 1107 1434; x_wconf 84' lang='lat' dir='ltr'><strong>HIPPODROMO.</strong></span> 
     </span>
    </p>
   </div>
   <div class='ocr_carea' id='block_1_2' title="bbox 474 1504 883 1570">
    <p class='ocr_par' dir='ltr' id='par_1_2' title="bbox 474 1504 883 1570">
     <span class='ocr_line' id='line_1_3' title="bbox 474 1504 883 1570; baseline 0.002 -13"><span class='ocrx_word' id='word_1_6' title='bbox 474 1504 685 1570; x_wconf 84' lang='lat' dir='ltr'><strong>(Postlromerica</strong></span> <span class='ocrx_word' id='word_1_7' title='bbox 703 1508 727 1560; x_wconf 83' lang='lat' dir='ltr'><em>A</em></span> <span class='ocrx_word' id='word_1_8' title='bbox 745 1508 883 1568; x_wconf 69' lang='lat' dir='ltr'><strong>ebo-95.)</strong></span> 
     </span>
    </p>
   </div>
   <div class='ocr_carea' id='block_1_3' title="bbox 186 1676 1251 1754">
    <p class='ocr_par' dir='ltr' id='par_1_3' title="bbox 186 1676 1251 1754">
     <span class='ocr_line' id='line_1_4' title="bbox 186 1676 1251 1754; baseline 0.002 -13"><span class='ocrx_word' id='word_1_9' title='bbox 186 1677 224 1741; x_wconf 92' lang='lat' dir='ltr'><strong>In</strong></span> <span class='ocrx_word' id='word_1_10' title='bbox 250 1676 335 1742; x_wconf 92' lang='lat' dir='ltr'><strong>ludis</strong></span> <span class='ocrx_word' id='word_1_11' title='bbox 362 1677 549 1743; x_wconf 80' lang='lat' dir='ltr'><strong>funebribus</strong></span> <span class='ocrx_word' id='word_1_12' title='bbox 578 1677 700 1743; x_wconf 77' lang='lat' dir='ltr'><strong>Achilli</strong></span> <span class='ocrx_word' id='word_1_13' title='bbox 727 1699 747 1743; x_wconf 91' lang='lat' dir='ltr'><strong>a</strong></span> <span class='ocrx_word' id='word_1_14' title='bbox 775 1683 876 1742; x_wconf 93' lang='lat' dir='ltr'><strong>matre</strong></span> <span class='ocrx_word' id='word_1_15' title='bbox 904 1676 1043 1742; x_wconf 81' lang='lat' dir='ltr'><strong>Thetide</strong></span> <span class='ocrx_word' id='word_1_16' title='bbox 1072 1677 1251 1754; x_wconf 89' lang='lat' dir='ltr'><strong>celebratis,</strong></span> 
     </span>
    </p>
   </div>
   <div class='ocr_carea' id='block_1_4' title="bbox 101 1768 1355 1862">
    <p class='ocr_par' dir='ltr' id='par_1_4' title="bbox 101 1768 1355 1862">
     <span class='ocr_line' id='line_1_5' title="bbox 101 1768 1355 1862; baseline 0.002 -20"><span class='ocrx_word' id='word_1_17' title='bbox 101 1798 182 1861; x_wconf 88' lang='lat' dir='ltr'><strong>quos</strong></span> <span class='ocrx_word' id='word_1_18' title='bbox 205 1779 270 1842; x_wconf 93' lang='lat' dir='ltr'><strong>iam</strong></span> <span class='ocrx_word' id='word_1_19' title='bbox 292 1779 333 1843; x_wconf 93' lang='lat' dir='ltr'><strong>ab</strong></span> <span class='ocrx_word' id='word_1_20' title='bbox 356 1779 492 1844; x_wconf 83' lang='lat' dir='ltr'><strong>extremi</strong></span> <span class='ocrx_word' id='word_1_21' title='bbox 515 1778 681 1862; x_wconf 84' lang='lat' dir='ltr'><strong>Odysseae</strong></span> <span class='ocrx_word' id='word_1_22' title='bbox 710 1779 860 1844; x_wconf 88' lang='lat' dir='ltr'><strong>carminis</strong></span> <span class='ocrx_word' id='word_1_23' title='bbox 888 1786 986 1860; x_wconf 88' lang='lat' dir='ltr'><strong>poeta</strong></span> <span class='ocrx_word' id='word_1_24' title='bbox 1007 1780 1040 1842; x_wconf 94' lang='lat' dir='ltr'><strong>in</strong></span> <span class='ocrx_word' id='word_1_25' title='bbox 1070 1786 1253 1845; x_wconf 89' lang='lat' dir='ltr'><strong>transcursu</strong></span> <span class='ocrx_word' id='word_1_26' title='bbox 1350 1768 1355 1783; x_wconf 80' lang='lat'>&#39;</span> 
     </span>
    </p>
   </div>
   <div class='ocr_carea' id='block_1_5' title="bbox 101 1879 1255 3592">
    <p class='ocr_par' dir='ltr' id='par_1_5' title="bbox 101 1879 1254 2675">
     <span class='ocr_line' id='line_1_6' title="bbox 101 1879 1252 1964; baseline 0 -20"><span class='ocrx_word' id='word_1_27' title='bbox 101 1887 204 1946; x_wconf 86' lang='lat' dir='ltr'><strong>tactos</strong></span> <span class='ocrx_word' id='word_1_28' title='bbox 219 1883 283 1958; x_wconf 82' lang='lat' dir='ltr'><strong>(vv.</strong></span> <span class='ocrx_word' id='word_1_29' title='bbox 293 1882 430 1956; x_wconf 82' lang='grc'>85-92)</span> <span class='ocrx_word' id='word_1_30' title='bbox 447 1879 582 1958; x_wconf 78' lang='lat' dir='ltr'><strong>Quintus</strong></span> <span class='ocrx_word' id='word_1_31' title='bbox 597 1882 698 1946; x_wconf 88' lang='lat' dir='ltr'><strong>fusius</strong></span> <span class='ocrx_word' id='word_1_32' title='bbox 714 1890 811 1964; x_wconf 89' lang='lat' dir='ltr'><strong>atque</strong></span> <span class='ocrx_word' id='word_1_33' title='bbox 828 1881 968 1945; x_wconf 90' lang='lat' dir='ltr'><strong>ornatius</strong></span> <span class='ocrx_word' id='word_1_34' title='bbox 984 1881 1155 1962; x_wconf 89' lang='lat' dir='ltr'><strong>enarravit,</strong></span> <span class='ocrx_word' id='word_1_35' title='bbox 1171 1880 1252 1945; x_wconf 93' lang='lat' dir='ltr'><strong>nihil</strong></span> 
     </span>
     <span class='ocr_line' id='line_1_7' title="bbox 101 1981 1254 2066; baseline -0.001 -19"><span class='ocrx_word' id='word_1_36' title='bbox 101 1981 341 2048; x_wconf 83' lang='lat' dir='ltr'><strong>memorabilius</strong></span> <span class='ocrx_word' id='word_1_37' title='bbox 365 1982 491 2047; x_wconf 91' lang='lat' dir='ltr'><strong>videtur</strong></span> <span class='ocrx_word' id='word_1_38' title='bbox 520 2003 615 2066; x_wconf 89' lang='lat' dir='ltr'><strong>quam</strong></span> <span class='ocrx_word' id='word_1_39' title='bbox 645 1983 732 2065; x_wconf 93' lang='lat' dir='ltr'><strong>quod</strong></span> <span class='ocrx_word' id='word_1_40' title='bbox 758 2002 905 2048; x_wconf 91' lang='lat' dir='ltr'><strong>curruum</strong></span> <span class='ocrx_word' id='word_1_41' title='bbox 927 1983 1092 2048; x_wconf 80' lang='lat' dir='ltr'><strong>certamini</strong></span> <span class='ocrx_word' id='word_1_42' title='bbox 1115 1982 1254 2049; x_wconf 92' lang='lat' dir='ltr'><strong>adicitur</strong></span> 
     </span>
     <span class='ocr_line' id='line_1_8' title="bbox 103 2083 1253 2167; baseline 0 -19"><span class='ocrx_word' id='word_1_43' title='bbox 103 2085 254 2167; x_wconf 90' lang='lat' dir='ltr'><strong>equitum,</strong></span> <span class='ocrx_word' id='word_1_44' title='bbox 278 2084 364 2166; x_wconf 92' lang='lat' dir='ltr'><strong>quod</strong></span> <span class='ocrx_word' id='word_1_45' title='bbox 386 2085 482 2167; x_wconf 93' lang='lat' dir='ltr'><strong>plane</strong></span> <span class='ocrx_word' id='word_1_46' title='bbox 503 2105 622 2150; x_wconf 87' lang='lat' dir='ltr'><strong>novum</strong></span> <span class='ocrx_word' id='word_1_47' title='bbox 644 2091 677 2151; x_wconf 93' lang='lat' dir='ltr'><strong>et</strong></span> <span class='ocrx_word' id='word_1_48' title='bbox 697 2085 783 2167; x_wconf 90' lang='lat' dir='ltr'><strong>apud</strong></span> <span class='ocrx_word' id='word_1_49' title='bbox 807 2086 915 2167; x_wconf 82' lang='lat' dir='ltr'><strong>epicos</strong></span> <span class='ocrx_word' id='word_1_50' title='bbox 938 2083 1068 2166; x_wconf 90' lang='lat' dir='ltr'><strong>quidem</strong></span> <span class='ocrx_word' id='word_1_51' title='bbox 1090 2085 1253 2165; x_wconf 87' lang='lat' dir='ltr'><strong>singulare</strong></span> 
     </span>
     <span class='ocr_line' id='line_1_9' title="bbox 102 2185 1253 2269; baseline 0 -19"><span class='ocrx_word' id='word_1_52' title='bbox 102 2186 202 2250; x_wconf 94' lang='lat' dir='ltr'><strong>mnlto</strong></span> <span class='ocrx_word' id='word_1_53' title='bbox 225 2186 328 2267; x_wconf 83' lang='lat' dir='ltr'><strong>magis</strong></span> <span class='ocrx_word' id='word_1_54' title='bbox 350 2191 474 2250; x_wconf 89' lang='lat' dir='ltr'><strong>nostros</strong></span> <span class='ocrx_word' id='word_1_55' title='bbox 497 2187 619 2252; x_wconf 91' lang='lat' dir='ltr'><strong>animos</strong></span> <span class='ocrx_word' id='word_1_56' title='bbox 642 2188 743 2252; x_wconf 82' lang='lat' dir='ltr'><strong>allicit</strong></span> <span class='ocrx_word' id='word_1_57' title='bbox 765 2207 861 2269; x_wconf 88' lang='lat' dir='ltr'><strong>quam</strong></span> <span class='ocrx_word' id='word_1_58' title='bbox 891 2187 1014 2252; x_wconf 90' lang='lat' dir='ltr'><strong>currnle</strong></span> <span class='ocrx_word' id='word_1_59' title='bbox 1038 2205 1078 2251; x_wconf 83' lang='lat' dir='ltr'><strong>ex</strong></span> <span class='ocrx_word' id='word_1_60' title='bbox 1101 2186 1174 2250; x_wconf 88' lang='lat' dir='ltr'><strong>aliis</strong></span> <span class='ocrx_word' id='word_1_61' title='bbox 1197 2185 1253 2250; x_wconf 91' lang='lat' dir='ltr'><strong>de·</strong></span> 
     </span>
     <span class='ocr_line' id='line_1_10' title="bbox 103 2285 1253 2369; baseline 0.001 -18"><span class='ocrx_word' id='word_1_62' title='bbox 103 2286 328 2369; x_wconf 91' lang='lat' dir='ltr'><strong>scriptionibus</strong></span> <span class='ocrx_word' id='word_1_63' title='bbox 350 2287 521 2352; x_wconf 90' lang='lat' dir='ltr'><strong>simillimis</strong></span> <span class='ocrx_word' id='word_1_64' title='bbox 544 2288 621 2352; x_wconf 89' lang='lat' dir='ltr'><strong>satis</strong></span> <span class='ocrx_word' id='word_1_65' title='bbox 641 2294 749 2352; x_wconf 91' lang='lat' dir='ltr'><strong>notum</strong></span> <span class='ocrx_word' id='word_1_66' title='bbox 763 2293 860 2369; x_wconf 87' lang='lat' dir='ltr'><strong>atque</strong></span> <span class='ocrx_word' id='word_1_67' title='bbox 876 2306 914 2352; x_wconf 94' lang='lat' dir='ltr'><strong>eo</strong></span> <span class='ocrx_word' id='word_1_68' title='bbox 930 2287 1043 2369; x_wconf 84' lang='lat' dir='ltr'><strong>magis,</strong></span> <span class='ocrx_word' id='word_1_69' title='bbox 1067 2288 1144 2369; x_wconf 87' lang='lat' dir='ltr'><strong>quia</strong></span> <span class='ocrx_word' id='word_1_70' title='bbox 1159 2285 1253 2352; x_wconf 88' lang='lat' dir='ltr'><strong>huius</strong></span> 
     </span>
     <span class='ocr_line' id='line_1_11' title="bbox 102 2385 1253 2471; baseline 0 -19"><span class='ocrx_word' id='word_1_71' title='bbox 102 2388 190 2470; x_wconf 90' lang='lat' dir='ltr'><strong>apud</strong></span> <span class='ocrx_word' id='word_1_72' title='bbox 208 2385 360 2464; x_wconf 92' lang='lat' dir='ltr'><strong>Quintum</strong></span> <span class='ocrx_word' id='word_1_73' title='bbox 382 2408 499 2470; x_wconf 86' lang='lat' dir='ltr'><strong>magna</strong></span> <span class='ocrx_word' id='word_1_74' title='bbox 519 2408 594 2470; x_wconf 86' lang='lat' dir='ltr'><strong>pars</strong></span> <span class='ocrx_word' id='word_1_75' title='bbox 616 2395 794 2471; x_wconf 90' lang='lat' dir='ltr'><strong>temporum</strong></span> <span class='ocrx_word' id='word_1_76' title='bbox 817 2389 984 2471; x_wconf 84' lang='lat' dir='ltr'><strong>iniquitate</strong></span> <span class='ocrx_word' id='word_1_77' title='bbox 1006 2390 1110 2471; x_wconf 93' lang='lat' dir='ltr'><strong>periit.</strong></span> <span class='ocrx_word' id='word_1_78' title='bbox 1148 2386 1253 2465; x_wconf 93' lang='lat' dir='ltr'><strong>Quam</strong></span> 
     </span>
     <span class='ocr_line' id='line_1_12' title="bbox 104 2490 1253 2572; baseline 0.001 -18"><span class='ocrx_word' id='word_1_79' title='bbox 104 2491 146 2554; x_wconf 94' lang='lat' dir='ltr'><strong>ob</strong></span> <span class='ocrx_word' id='word_1_80' title='bbox 174 2508 240 2554; x_wconf 92' lang='lat' dir='ltr'><strong>rem</strong></span> <span class='ocrx_word' id='word_1_81' title='bbox 270 2508 330 2570; x_wconf 86' lang='lat' dir='ltr'><strong>ego</strong></span> <span class='ocrx_word' id='word_1_82' title='bbox 359 2509 486 2571; x_wconf 90' lang='lat' dir='ltr'><strong>quoque</strong></span> <span class='ocrx_word' id='word_1_83' title='bbox 514 2491 557 2554; x_wconf 86' lang='lat' dir='ltr'><strong>ad</strong></span> <span class='ocrx_word' id='word_1_84' title='bbox 585 2492 728 2572; x_wconf 87' lang='lat' dir='ltr'><strong>equitum</strong></span> <span class='ocrx_word' id='word_1_85' title='bbox 751 2491 957 2556; x_wconf 86' lang='lat' dir='ltr'><strong>certationem</strong></span> <span class='ocrx_word' id='word_1_86' title='bbox 986 2490 1253 2556; x_wconf 88' lang='lat' dir='ltr'><strong>considerandam</strong></span> 
     </span>
     <span class='ocr_line' id='line_1_13' title="bbox 103 2591 991 2675; baseline 0.002 -20"><span class='ocrx_word' id='word_1_87' title='bbox 103 2592 191 2675; x_wconf 83' lang='lat' dir='ltr'><strong>prius</strong></span> <span class='ocrx_word' id='word_1_88' title='bbox 213 2610 265 2656; x_wconf 92' lang='lat' dir='ltr'><strong>me</strong></span> <span class='ocrx_word' id='word_1_89' title='bbox 288 2597 472 2656; x_wconf 86' lang='lat' dir='ltr'><strong>convertam</strong></span> <span class='ocrx_word' id='word_1_90' title='bbox 495 2591 536 2656; x_wconf 89' lang='lat' dir='ltr'><strong>de</strong></span> <span class='ocrx_word' id='word_1_91' title='bbox 559 2593 676 2657; x_wconf 91' lang='lat' dir='ltr'><strong>curruli</strong></span> <span class='ocrx_word' id='word_1_92' title='bbox 698 2591 832 2675; x_wconf 88' lang='lat' dir='ltr'><strong>posthac</strong></span> <span class='ocrx_word' id='word_1_93' title='bbox 855 2599 991 2659; x_wconf 89' lang='lat' dir='ltr'><strong>acturus.</strong></span> 
     </span>
    </p>

    <p class='ocr_par' dir='ltr' id='par_1_6' title="bbox 104 2692 1255 3592">
     <span class='ocr_line' id='line_1_14' title="bbox 189 2692 1253 2778; baseline 0.004 -22"><span class='ocrx_word' id='word_1_94' title='bbox 189 2692 329 2757; x_wconf 90' lang='lat' dir='ltr'><strong>Primum</strong></span> <span class='ocrx_word' id='word_1_95' title='bbox 345 2692 475 2775; x_wconf 90' lang='lat' dir='ltr'><strong>quidem</strong></span> <span class='ocrx_word' id='word_1_96' title='bbox 491 2693 662 2778; x_wconf 86' lang='lat' dir='ltr'><strong>quaeritur,</strong></span> <span class='ocrx_word' id='word_1_97' title='bbox 679 2713 816 2776; x_wconf 90' lang='lat' dir='ltr'><strong>quanam</strong></span> <span class='ocrx_word' id='word_1_98' title='bbox 833 2714 930 2760; x_wconf 88' lang='lat' dir='ltr'><strong>causa</strong></span> <span class='ocrx_word' id='word_1_99' title='bbox 945 2693 1080 2772; x_wconf 80' lang='lat' dir='ltr'><strong>Quintus</strong></span> <span class='ocrx_word' id='word_1_100' title='bbox 1095 2694 1253 2761; x_wconf 93' lang='lat' dir='ltr'><strong>adductus</strong></span> 
     </span>
     <span class='ocr_line' id='line_1_15' title="bbox 104 2796 1254 2878; baseline 0.003 -19"><span class='ocrx_word' id='word_1_101' title='bbox 104 2816 125 2859; x_wconf 88' lang='lat' dir='ltr'><strong>a</strong></span> <span class='ocrx_word' id='word_1_102' title='bbox 147 2803 254 2860; x_wconf 85' lang='lat' dir='ltr'><strong>vetere</strong></span> <span class='ocrx_word' id='word_1_103' title='bbox 284 2796 447 2877; x_wconf 89' lang='lat' dir='ltr'><strong>epicorum</strong></span> <span class='ocrx_word' id='word_1_104' title='bbox 477 2814 566 2860; x_wconf 92' lang='lat' dir='ltr'><strong>more</strong></span> <span class='ocrx_word' id='word_1_105' title='bbox 594 2815 698 2878; x_wconf 90' lang='lat' dir='ltr'><strong>paene</strong></span> <span class='ocrx_word' id='word_1_106' title='bbox 726 2797 874 2861; x_wconf 88' lang='lat' dir='ltr'><strong>sollemni</strong></span> <span class='ocrx_word' id='word_1_107' title='bbox 896 2797 928 2859; x_wconf 94' lang='lat' dir='ltr'><strong>in</strong></span> <span class='ocrx_word' id='word_1_108' title='bbox 952 2796 1036 2861; x_wconf 90' lang='lat' dir='ltr'><strong>ludis</strong></span> <span class='ocrx_word' id='word_1_109' title='bbox 1066 2797 1254 2863; x_wconf 87' lang='lat' dir='ltr'><strong>funebribus</strong></span> 
     </span>
     <span class='ocr_line' id='line_1_16' title="bbox 105 2897 1254 2980; baseline 0.003 -18"><span class='ocrx_word' id='word_1_110' title='bbox 105 2897 175 2962; x_wconf 88' lang='lat' dir='ltr'><strong>sola</strong></span> <span class='ocrx_word' id='word_1_111' title='bbox 196 2898 335 2962; x_wconf 90' lang='lat' dir='ltr'><strong>currulia</strong></span> <span class='ocrx_word' id='word_1_112' title='bbox 356 2899 532 2962; x_wconf 88' lang='lat' dir='ltr'><strong>certamina</strong></span> <span class='ocrx_word' id='word_1_113' title='bbox 559 2897 755 2980; x_wconf 84' lang='lat' dir='ltr'><strong>depingendi</strong></span> <span class='ocrx_word' id='word_1_114' title='bbox 778 2897 969 2963; x_wconf 89' lang='lat' dir='ltr'><strong>discesserit.</strong></span> <span class='ocrx_word' id='word_1_115' title='bbox 1014 2897 1128 2963; x_wconf 93' lang='lat' dir='ltr'><strong>Utrum</strong></span> <span class='ocrx_word' id='word_1_116' title='bbox 1149 2899 1254 2965; x_wconf 86' lang='lat' dir='ltr'><strong>fontes</strong></span> 
     </span>
     <span class='ocr_line' id='line_1_17' title="bbox 105 2998 1254 3081; baseline 0.003 -17"><span class='ocrx_word' id='word_1_117' title='bbox 105 3017 180 3064; x_wconf 87' lang='lat' dir='ltr'><strong>suos</strong></span> <span class='ocrx_word' id='word_1_118' title='bbox 207 3005 334 3065; x_wconf 88' lang='lat' dir='ltr'><strong>secutus</strong></span> <span class='ocrx_word' id='word_1_119' title='bbox 364 2999 397 3064; x_wconf 92' lang='lat' dir='ltr'><strong>id</strong></span> <span class='ocrx_word' id='word_1_120' title='bbox 426 3000 503 3064; x_wconf 87' lang='lat' dir='ltr'><strong>fecit</strong></span> <span class='ocrx_word' id='word_1_121' title='bbox 531 3019 572 3062; x_wconf 87' lang='lat' dir='ltr'><strong>an</strong></span> <span class='ocrx_word' id='word_1_122' title='bbox 602 3000 670 3081; x_wconf 89' lang='lat' dir='ltr'><strong>ipse</strong></span> <span class='ocrx_word' id='word_1_123' title='bbox 694 2998 735 3063; x_wconf 89' lang='lat' dir='ltr'><strong>de</strong></span> <span class='ocrx_word' id='word_1_124' title='bbox 758 3018 814 3064; x_wconf 92' lang='lat' dir='ltr'><strong>suo</strong></span> <span class='ocrx_word' id='word_1_125' title='bbox 836 2999 994 3065; x_wconf 84' lang='lat' dir='ltr'><strong>novavit?</strong></span> <span class='ocrx_word' id='word_1_126' title='bbox 1036 2999 1108 3065; x_wconf 91' lang='lat' dir='ltr'><strong>Hoc</strong></span> <span class='ocrx_word' id='word_1_127' title='bbox 1130 3007 1165 3064; x_wconf 94' lang='lat' dir='ltr'><strong>ut</strong></span> <span class='ocrx_word' id='word_1_128' title='bbox 1187 3020 1254 3067; x_wconf 91' lang='lat' dir='ltr'><strong>cre-</strong></span> 
     </span>
     <span class='ocr_line' id='line_1_18' title="bbox 105 3100 1254 3184; baseline 0.003 -20"><span class='ocrx_word' id='word_1_129' title='bbox 105 3100 228 3182; x_wconf 88' lang='lat' dir='ltr'><strong>damus,</strong></span> <span class='ocrx_word' id='word_1_130' title='bbox 250 3102 371 3166; x_wconf 91' lang='lat' dir='ltr'><strong>nullam</strong></span> <span class='ocrx_word' id='word_1_131' title='bbox 384 3100 584 3184; x_wconf 90' lang='lat' dir='ltr'><strong>probabilem</strong></span> <span class='ocrx_word' id='word_1_132' title='bbox 599 3101 696 3166; x_wconf 90' lang='lat' dir='ltr'><strong>video</strong></span> <span class='ocrx_word' id='word_1_133' title='bbox 712 3120 851 3165; x_wconf 89' lang='lat' dir='ltr'><strong>eausam.</strong></span> <span class='ocrx_word' id='word_1_134' title='bbox 889 3100 953 3167; x_wconf 87' lang='lat' dir='ltr'><strong>Cur</strong></span> <span class='ocrx_word' id='word_1_135' title='bbox 975 3101 1058 3165; x_wconf 90' lang='lat' dir='ltr'><strong>enim</strong></span> <span class='ocrx_word' id='word_1_136' title='bbox 1081 3101 1115 3166; x_wconf 94' lang='lat' dir='ltr'><strong>id</strong></span> <span class='ocrx_word' id='word_1_137' title='bbox 1136 3101 1254 3168; x_wconf 88' lang='lat' dir='ltr'><strong>fecisse</strong></span> 
     </span>
     <span class='ocr_line' id='line_1_19' title="bbox 105 3202 1255 3286; baseline 0.003 -20"><span class='ocrx_word' id='word_1_138' title='bbox 105 3202 264 3285; x_wconf 93' lang='lat' dir='ltr'><strong>putandus</strong></span> <span class='ocrx_word' id='word_1_139' title='bbox 281 3210 337 3285; x_wconf 88' lang='lat' dir='ltr'><strong>est,</strong></span> <span class='ocrx_word' id='word_1_140' title='bbox 354 3204 416 3268; x_wconf 88' lang='lat' dir='ltr'><strong>nisi</strong></span> <span class='ocrx_word' id='word_1_141' title='bbox 428 3224 479 3269; x_wconf 90' lang='lat' dir='ltr'><strong>res</strong></span> <span class='ocrx_word' id='word_1_142' title='bbox 491 3203 638 3284; x_wconf 89' lang='lat' dir='ltr'><strong>antiquas</strong></span> <span class='ocrx_word' id='word_1_143' title='bbox 651 3202 693 3267; x_wconf 92' lang='lat' dir='ltr'><strong>ad</strong></span> <span class='ocrx_word' id='word_1_144' title='bbox 705 3222 782 3268; x_wconf 92' lang='lat' dir='ltr'><strong>suae</strong></span> <span class='ocrx_word' id='word_1_145' title='bbox 798 3204 912 3268; x_wconf 88' lang='lat' dir='ltr'><strong>aetatis</strong></span> <span class='ocrx_word' id='word_1_146' title='bbox 928 3222 1048 3269; x_wconf 95' lang='lat' dir='ltr'><strong>morem</strong></span> <span class='ocrx_word' id='word_1_147' title='bbox 1064 3223 1255 3286; x_wconf 89' lang='lat' dir='ltr'><strong>componere</strong></span> 
     </span>
     <span class='ocr_line' id='line_1_20' title="bbox 105 3304 1252 3406; baseline 0.003 -38"><span class='ocrx_word' id='word_1_148' title='bbox 105 3304 231 3369; x_wconf 84' lang='lat' dir='ltr'><strong>voluit?</strong></span> <span class='ocrx_word' id='word_1_149' title='bbox 274 3305 364 3370; x_wconf 90' lang='lat' dir='ltr'><strong>Illius</strong></span> <span class='ocrx_word' id='word_1_150' title='bbox 386 3325 464 3370; x_wconf 85' lang='lat' dir='ltr'><strong>vero</strong></span> <span class='ocrx_word' id='word_1_151' title='bbox 487 3311 599 3406; x_wconf 68' lang='lat' dir='ltr'><strong>aetate⁸</strong></span> <span class='ocrx_word' id='word_1_152' title='bbox 615 3305 681 3382; x_wconf 89' lang='lat' dir='ltr'><strong>(IV.</strong></span> <span class='ocrx_word' id='word_1_153' title='bbox 704 3324 734 3387; x_wconf 93' lang='lat' dir='ltr'><strong>p.</strong></span> <span class='ocrx_word' id='word_1_154' title='bbox 751 3304 809 3371; x_wconf 85' lang='lat' dir='ltr'><strong>oh.</strong></span> <span class='ocrx_word' id='word_1_155' title='bbox 826 3306 980 3387; x_wconf 89' lang='lat' dir='ltr'><strong>saeculo),</strong></span> <span class='ocrx_word' id='word_1_156' title='bbox 1008 3325 1072 3387; x_wconf 91' lang='lat' dir='ltr'><strong>qua</strong></span> <span class='ocrx_word' id='word_1_157' title='bbox 1094 3306 1252 3372; x_wconf 88' lang='lat' dir='ltr'><strong>Romano·</strong></span> 
     </span>
     <span class='ocr_line' id='line_1_21' title="bbox 104 3406 1254 3490; baseline 0.004 -22"><span class='ocrx_word' id='word_1_158' title='bbox 104 3424 175 3469; x_wconf 91' lang='lat' dir='ltr'><strong>rum</strong></span> <span class='ocrx_word' id='word_1_159' title='bbox 196 3407 370 3472; x_wconf 89' lang='lat' dir='ltr'><strong>auctoritas</strong></span> <span class='ocrx_word' id='word_1_160' title='bbox 393 3408 490 3472; x_wconf 92' lang='lat' dir='ltr'><strong>etiam</strong></span> <span class='ocrx_word' id='word_1_161' title='bbox 518 3407 552 3472; x_wconf 93' lang='lat' dir='ltr'><strong>in</strong></span> <span class='ocrx_word' id='word_1_162' title='bbox 575 3408 667 3473; x_wconf 90' lang='lat' dir='ltr'><strong>circis</strong></span> <span class='ocrx_word' id='word_1_163' title='bbox 689 3407 821 3473; x_wconf 82' lang='lat' dir='ltr'><strong>Graecis</strong></span> <span class='ocrx_word' id='word_1_164' title='bbox 845 3408 909 3471; x_wconf 90' lang='lat' dir='ltr'><strong>iam</strong></span> <span class='ocrx_word' id='word_1_165' title='bbox 937 3406 1062 3489; x_wconf 88' lang='lat' dir='ltr'><strong>pridem</strong></span> <span class='ocrx_word' id='word_1_166' title='bbox 1086 3410 1254 3490; x_wconf 88' lang='lat' dir='ltr'><strong>praevale-</strong></span> 
     </span>
     <span class='ocr_line' id='line_1_22' title="bbox 106 3507 1254 3592; baseline 0.003 -21"><span class='ocrx_word' id='word_1_167' title='bbox 106 3507 176 3590; x_wconf 89' lang='lat' dir='ltr'><strong>bat,</strong></span> <span class='ocrx_word' id='word_1_168' title='bbox 200 3507 373 3572; x_wconf 90' lang='lat' dir='ltr'><strong>currulium</strong></span> <span class='ocrx_word' id='word_1_169' title='bbox 396 3509 602 3574; x_wconf 88' lang='lat' dir='ltr'><strong>certaminum</strong></span> <span class='ocrx_word' id='word_1_170' title='bbox 625 3509 917 3591; x_wconf 87' lang='lat' dir='ltr'><strong>frequentatissimo</strong></span> <span class='ocrx_word' id='word_1_171' title='bbox 940 3529 998 3575; x_wconf 85' lang='lat' dir='ltr'><strong>usu</strong></span> <span class='ocrx_word' id='word_1_172' title='bbox 1022 3513 1164 3592; x_wconf 91' lang='lat' dir='ltr'><strong>equitum</strong></span> <span class='ocrx_word' id='word_1_173' title='bbox 1187 3531 1254 3576; x_wconf 89' lang='lat' dir='ltr'><strong>eer-</strong></span> 
     </span>
    </p>
   </div>
   <div class='ocr_carea' id='block_1_6' title="bbox 105 3609 1255 4203">
    <p class='ocr_par' dir='ltr' id='par_1_7' title="bbox 105 3609 1255 4203">
     <span class='ocr_line' id='line_1_23' title="bbox 105 3609 1253 3694; baseline 0.003 -21"><span class='ocrx_word' id='word_1_174' title='bbox 105 3610 241 3674; x_wconf 87' lang='lat' dir='ltr'><strong>tationes</strong></span> <span class='ocrx_word' id='word_1_175' title='bbox 270 3610 334 3674; x_wconf 90' lang='lat' dir='ltr'><strong>iam</strong></span> <span class='ocrx_word' id='word_1_176' title='bbox 362 3629 465 3692; x_wconf 91' lang='lat' dir='ltr'><strong>paene</strong></span> <span class='ocrx_word' id='word_1_177' title='bbox 494 3613 627 3677; x_wconf 85' lang='lat' dir='ltr'><strong>obrutae</strong></span> <span class='ocrx_word' id='word_1_178' title='bbox 655 3617 753 3676; x_wconf 90' lang='lat' dir='ltr'><strong>erant.</strong></span> <span class='ocrx_word' id='word_1_179' title='bbox 798 3609 883 3688; x_wconf 93' lang='lat' dir='ltr'><strong>Quid</strong></span> <span class='ocrx_word' id='word_1_180' title='bbox 913 3612 1009 3692; x_wconf 86' lang='lat' dir='ltr'><strong>igitur</strong></span> <span class='ocrx_word' id='word_1_181' title='bbox 1031 3621 1099 3676; x_wconf 90' lang='lat' dir='ltr'><strong>erat</strong></span> <span class='ocrx_word' id='word_1_182' title='bbox 1127 3631 1253 3694; x_wconf 86' lang='lat' dir='ltr'><strong>causae,</strong></span> 
     </span>
     <span class='ocr_line' id='line_1_24' title="bbox 107 3711 1255 3794; baseline 0 -18"><span class='ocrx_word' id='word_1_183' title='bbox 107 3731 161 3776; x_wconf 91' lang='lat' dir='ltr'><strong>our</strong></span> <span class='ocrx_word' id='word_1_184' title='bbox 189 3730 245 3777; x_wconf 94' lang='lat' dir='ltr'><strong>eas</strong></span> <span class='ocrx_word' id='word_1_185' title='bbox 273 3713 307 3776; x_wconf 94' lang='lat' dir='ltr'><strong>in</strong></span> <span class='ocrx_word' id='word_1_186' title='bbox 335 3714 476 3780; x_wconf 91' lang='lat' dir='ltr'><strong>carmine</strong></span> <span class='ocrx_word' id='word_1_187' title='bbox 503 3713 729 3779; x_wconf 81' lang='lat' dir='ltr'><strong>resuscitaret?</strong></span> <span class='ocrx_word' id='word_1_188' title='bbox 773 3711 974 3794; x_wconf 80' lang='lat' dir='ltr'><strong>Quapropter</strong></span> <span class='ocrx_word' id='word_1_189' title='bbox 996 3713 1100 3794; x_wconf 80' lang='lat' dir='ltr'><strong>magis</strong></span> <span class='ocrx_word' id='word_1_190' title='bbox 1122 3712 1255 3776; x_wconf 93' lang='lat' dir='ltr'><strong>inclinat</strong></span> 
     </span>
     <span class='ocr_line' id='line_1_25' title="bbox 106 3813 1253 3897; baseline 0.001 -20"><span class='ocrx_word' id='word_1_191' title='bbox 106 3813 244 3894; x_wconf 90' lang='lat' dir='ltr'><strong>animus,</strong></span> <span class='ocrx_word' id='word_1_192' title='bbox 268 3820 304 3877; x_wconf 89' lang='lat' dir='ltr'><strong>ut</strong></span> <span class='ocrx_word' id='word_1_193' title='bbox 325 3815 467 3896; x_wconf 92' lang='lat' dir='ltr'><strong>equitum</strong></span> <span class='ocrx_word' id='word_1_194' title='bbox 491 3822 660 3896; x_wconf 91' lang='lat' dir='ltr'><strong>certamen,</strong></span> <span class='ocrx_word' id='word_1_195' title='bbox 685 3814 771 3897; x_wconf 90' lang='lat' dir='ltr'><strong>quod</strong></span> <span class='ocrx_word' id='word_1_196' title='bbox 792 3822 865 3897; x_wconf 85' lang='lat' dir='ltr'><strong>post</strong></span> <span class='ocrx_word' id='word_1_197' title='bbox 879 3816 1008 3895; x_wconf 89' lang='lat' dir='ltr'><strong>longam</strong></span> <span class='ocrx_word' id='word_1_198' title='bbox 1024 3833 1171 3878; x_wconf 89' lang='lat' dir='ltr'><strong>curruum</strong></span> <span class='ocrx_word' id='word_1_199' title='bbox 1187 3833 1253 3878; x_wconf 91' lang='lat' dir='ltr'><strong>cer·</strong></span> 
     </span>
     <span class='ocr_line' id='line_1_26' title="bbox 106 3915 1255 4009; baseline 0.002 -31"><span class='ocrx_word' id='word_1_200' title='bbox 106 3915 240 3980; x_wconf 89' lang='lat' dir='ltr'><strong>tantium</strong></span> <span class='ocrx_word' id='word_1_201' title='bbox 269 3915 517 3999; x_wconf 86' lang='lat' dir='ltr'><strong>descriptionem</strong></span> <span class='ocrx_word' id='word_1_202' title='bbox 546 3917 614 3982; x_wconf 91' lang='lat' dir='ltr'><strong>sine</strong></span> <span class='ocrx_word' id='word_1_203' title='bbox 638 3916 836 4009; x_wconf 74' lang='lat' dir='ltr'><strong>detrimento¹</strong></span> <span class='ocrx_word' id='word_1_204' title='bbox 851 3916 944 3980; x_wconf 89' lang='lat' dir='ltr'><strong>desse</strong></span> <span class='ocrx_word' id='word_1_205' title='bbox 966 3920 1086 3996; x_wconf 88' lang='lat' dir='ltr'><strong>potest,</strong></span> <span class='ocrx_word' id='word_1_206' title='bbox 1116 3935 1136 3978; x_wconf 92' lang='lat' dir='ltr'><strong>a</strong></span> <span class='ocrx_word' id='word_1_207' title='bbox 1157 3921 1255 3996; x_wconf 92' lang='lat' dir='ltr'><strong>poeta</strong></span> 
     </span>
     <span class='ocr_line' id='line_1_27' title="bbox 107 4016 1254 4100; baseline 0 -19"><span class='ocrx_word' id='word_1_208' title='bbox 107 4023 213 4083; x_wconf 88' lang='lat' dir='ltr'><strong>nostro</strong></span> <span class='ocrx_word' id='word_1_209' title='bbox 237 4036 255 4083; x_wconf 92' lang='lat' dir='ltr'><strong>e</strong></span> <span class='ocrx_word' id='word_1_210' title='bbox 277 4017 417 4083; x_wconf 86' lang='lat' dir='ltr'><strong>fontibus</strong></span> <span class='ocrx_word' id='word_1_211' title='bbox 440 4019 506 4083; x_wconf 89' lang='lat' dir='ltr'><strong>suis</strong></span> <span class='ocrx_word' id='word_1_212' title='bbox 528 4019 696 4100; x_wconf 91' lang='lat' dir='ltr'><strong>repetitum</strong></span> <span class='ocrx_word' id='word_1_213' title='bbox 719 4018 863 4083; x_wconf 90' lang='lat' dir='ltr'><strong>arbitrer.</strong></span> <span class='ocrx_word' id='word_1_214' title='bbox 908 4016 988 4082; x_wconf 84' lang='lat' dir='ltr'><strong>Oum</strong></span> <span class='ocrx_word' id='word_1_215' title='bbox 1004 4016 1162 4081; x_wconf 89' lang='lat' dir='ltr'><strong>Homerus</strong></span> <span class='ocrx_word' id='word_1_216' title='bbox 1185 4017 1254 4081; x_wconf 88' lang='lat' dir='ltr'><strong>eius</strong></span> 
     </span>
     <span class='ocr_line' id='line_1_28' title="bbox 107 4118 1253 4203; baseline 0 -21"><span class='ocrx_word' id='word_1_217' title='bbox 107 4119 154 4183; x_wconf 91' lang='lat' dir='ltr'><strong>rei</strong></span> <span class='ocrx_word' id='word_1_218' title='bbox 167 4125 279 4185; x_wconf 92' lang='lat' dir='ltr'><strong>auctor</strong></span> <span class='ocrx_word' id='word_1_219' title='bbox 293 4139 357 4185; x_wconf 93' lang='lat' dir='ltr'><strong>non</strong></span> <span class='ocrx_word' id='word_1_220' title='bbox 372 4120 423 4203; x_wconf 89' lang='lat' dir='ltr'><strong>sit,</strong></span> <span class='ocrx_word' id='word_1_221' title='bbox 446 4120 561 4202; x_wconf 88' lang='lat' dir='ltr'><strong>cyclici</strong></span> <span class='ocrx_word' id='word_1_222' title='bbox 576 4119 742 4185; x_wconf 87' lang='lat' dir='ltr'><strong>cuiusdam</strong></span> <span class='ocrx_word' id='word_1_223' title='bbox 756 4120 914 4200; x_wconf 83' lang='lat' dir='ltr'><strong>poematia</strong></span> <span class='ocrx_word' id='word_1_224' title='bbox 936 4118 1158 4184; x_wconf 88' lang='lat' dir='ltr'><strong>auctoritatem</strong></span> <span class='ocrx_word' id='word_1_225' title='bbox 1181 4137 1253 4183; x_wconf 90' lang='lat' dir='ltr'><strong>eum</strong></span> 
     </span>
    </p>
   </div>
   <div class='ocr_carea' id='block_1_7' title="bbox 0 0 1553 5020">
    <p class='ocr_par' dir='ltr' id='par_1_8' title="bbox 0 0 1553 5020">
     <span class='ocr_line' id='line_1_29' title="bbox 0 0 1553 5020; baseline 0 0"><span class='ocrx_word' id='word_1_226' title='bbox 0 0 1553 5020; x_wconf 95' lang='lat' dir='ltr'><strong> </strong></span> 
     </span>
    </p>
   </div>
  </div>
 </body>
</html>
