3072 5012
713 397 744 452 B.
772 395 822 449 DE
839 391 1058 448 TARAXIPPO.

442 563 546 656 αὐτὰρ
570 567 604 636 ἐν
622 563 780 654 Ἀρκαδίῃ
805 562 864 654 [ys]
886 560 1083 652 τριηκοστὴν
1105 561 1331 649 προλέλοιπα·

441 671 566 750 λοιπὰς
589 663 620 737 δ’
647 655 688 736 αὖ
712 667 862 746 λεύσσεις
885 659 1005 752 ἀγέλας
1026 664 1105 732 τόδε
1127 661 1359 751 compacaret

313 797 350 863 In
372 801 439 863 u.5
467 789 705 879 Ταραξίπποιο
729 785 801 870 ἱρὸν
823 787 905 854 nihil
933 785 1023 853 aliud
1052 791 1101 852 est
1121 783 1183 850 uisi
1205 779 1379 866 Taranippi
1397 779 1451 844 illa

314 919 384 965 ara:
414 915 498 980 quae
526 895 642 962 dicitur
669 893 781 978 procul
809 891 934 958 abesse.
977 887 1058 955 Oum
1086 887 1142 952 ubi
1169 885 1238 970 ipse
1259 885 1377 968 Augias
1396 880 1452 945 bos

315 1018 426 1066 versus
449 997 559 1064 dicens
581 996 693 1078 luerit,
722 994 919 1072 nesciamus,
947 1011 1011 1056 nou
1040 989 1173 1055 multum
1195 1008 1238 1054 ex
1260 987 1321 1052 hac
1342 980 1452 1067 signiti-

315 1101 442 1168 catione
463 1100 632 1166 lucramur.
677 1095 748 1162 Hoc
770 1103 877 1161 tamen
899 1091 992 1174 sequi
1013 1090 1140 1157 videtur
1160 1089 1375 1171 Taraxippum
1394 1103 1454 1148 uon

315 1221 415 1287 prope
431 1200 560 1268 Saturni
582 1198 700 1266 collem
721 1197 764 1274 (v.
781 1200 810 1270 4)
833 1196 929 1262 situm
944 1192 1053 1274 luisse,
1076 1190 1162 1275 quod
1178 1191 1235 1256 vix
1257 1192 1291 1256 in
1306 1184 1454 1255 eiusmodi

316 1305 457 1372 carmine
480 1319 593 1386 urgere
615 1301 724 1382 velim,
746 1297 857 1380 aliquo
879 1303 987 1362 umen
1003 1292 1098 1360 modo
1117 1291 1222 1360 firmat
1244 1311 1296 1358 me
1317 1289 1454 1356 dubitan-

316 1419 398 1490 tem,
421 1425 496 1472 num
519 1404 648 1470 omnino
670 1399 801 1468 Saturni
823 1397 916 1465 collis
937 1396 1100 1462 sinistrum
1123 1393 1327 1480 hippodromi
1348 1393 1455 1475 margi·

315 1529 388 1576 nem
411 1505 554 1590 attigerit
575 1507 618 1588 (p.
635 1504 698 1580 55).
731 1499 978 1583 concupiscenti
1000 1497 1140 1580 denique
1155 1497 1247 1582 scire,
1271 1518 1292 1562 a
1314 1503 1457 1580 quotnam

315 1611 412 1676 boum
436 1614 575 1675 stercore
598 1604 724 1688 Augias
745 1601 907 1669 stabulum
927 1599 1058 1666 Herculi
1080 1598 1283 1683 purgandum
1305 1599 1402 1679 fuerit,
1423 1603 1458 1661 ut

317 1711 378 1778 hoc
415 1711 448 1775 in
484 1713 666 1774 transcursu
701 1703 931 1787 perstringam,
969 1701 1195 1784 aequationem
1231 1699 1459 1767 arithmeticam
1525 1781 1526 1786 ἵ

807 2114 830 2159 x
844 2121 887 2144 =
901 2094 973 2156 240.

403 2199 524 2283 Restat,
546 2203 582 2264 ut
602 2215 804 2280 quaeramus,
827 2194 958 2259 ubinam
979 2193 1122 2259 locorum
1140 2193 1320 2277 Taraxippi
1342 2193 1460 2259 luerint.

318 2301 412 2369 Certe
435 2321 499 2366 uon
521 2300 554 2366 in
577 2297 723 2365 omnibus
746 2295 977 2380 hippodromis.
1015 2294 1051 2360 Si
1074 2296 1159 2361 euim
1174 2297 1318 2378 fuissent,
1340 2315 1403 2378 qua
1423 2293 1461 2358 de

319 2424 418 2472 causa
440 2403 502 2468 Dio
525 2400 772 2485 Chrysostomus
795 2399 829 2463 in
850 2397 995 2464 oratioue
1017 2416 1077 2463 sua
1099 2396 1141 2462 ad
1159 2395 1396 2463 Alexandrinos
1410 2395 1461 2460 ha·

319 2509 387 2573 bita
413 2504 577 2570 auditores
604 2521 668 2566 uon
697 2500 740 2566 ad
761 2498 1033 2580 Alexandrinum,
1062 2518 1173 2564 verum
1198 2497 1242 2564 ad
1264 2498 1462 2584 Olympicum

319 2607 540 2690 Taraxippum
562 2601 716 2668 vocavit?
754 2599 790 2667 Si
813 2621 853 2666 ea
875 2621 972 2684 quam
993 2620 1091 2683 supra
1113 2601 1154 2667 de
1170 2601 1349 2685 Taraxippi
1364 2587 1464 2668 'cause

319 2709 545 2794 proposuimus
567 2705 726 2769 sententia
748 2721 827 2768 vera
848 2709 913 2787 est,
942 2703 976 2766 in
998 2702 1045 2768 eis
1068 2709 1191 2768 tautum
1213 2703 1275 2768 fuit
1296 2701 1463 2788 hippodro-

321 2812 396 2894 mis,
425 2809 481 2893 qoi
502 2812 558 2873 aut
580 2804 800 2870 adorientem
822 2803 941 2870 autad
965 2803 1163 2870 occidentem
1193 2805 1386 2891 vergebant,
1413 2806 1464 2871 ubi

320 2913 442 2980 oriente
476 2909 544 2976 sole
576 2906 769 2973 certabatur.
819 2903 974 2972 Solebaut
1002 2911 1144 2989 veteres,
1178 2905 1266 2989 quod
1298 2909 1368 2974 eius
1401 2907 1464 2973 fieri

320 3018 456 3099 poterat,
478 3011 580 3078 circos
596 3007 639 3074 ad
655 3008 810 3074 orientem
825 3007 982 3090 derigere.
1016 3005 1079 3085 Qui
1094 3007 1136 3074 ad
1160 3009 1359 3076 occidentem
1381 3029 1464 3092 spec·

320 3117 447 3198 tabant,
476 3114 509 3179 iu
537 3111 584 3178 eis
606 3130 671 3176 non
692 3109 849 3190 exterior,
879 3109 937 3176 sed
965 3109 1096 3174 interior
1119 3117 1206 3175 meta
1227 3111 1314 3176 illius
1335 3111 1465 3194 periculi

321 3218 418 3301 plena
440 3220 517 3280 erat.
563 3212 628 3279 Ubi
656 3217 781 3292 autem,
810 3216 846 3275 ut
872 3211 906 3275 iu
928 3210 1081 3278 Romanis
1104 3218 1138 3277 et
1164 3214 1341 3294 posteriore
1364 3221 1465 3280 aetate

322 3318 419 3382 etiam
442 3316 474 3380 lu
497 3315 627 3395 ceteris,
657 3332 720 3379 nou
743 3331 836 3377 mane
859 3314 981 3394 solum,
1008 3312 1066 3379 sed
1088 3333 1147 3396 per
1171 3320 1273 3380 totum
1295 3315 1383 3381 diem
1405 3336 1464 3383 cer·
1524 3363 1525 3368 η

323 3418 459 3497 labatur,
483 3415 527 3481 lbi
549 3413 630 3480 nihil
653 3419 722 3480 erat
737 3433 864 3495 causae,
888 3413 974 3497 quod
990 3415 1195 3500 Ta1·axippus
1217 3419 1466 3485 constitueretur.
1524 3439 1525 3450 ¹

324 3521 373 3584 De
403 3517 477 3582 aliis
505 3514 585 3582 nihil
614 3517 787 3581 memoriae
814 3516 976 3599 proditum
1000 3525 1049 3584 est
1069 3518 1131 3584 nisi
1153 3518 1195 3584 de
1217 3526 1366 3602 quattuor
1389 3519 1465 3587 cele·

322 3621 532 3688 berrlmorum
553 3637 611 3700 per
633 3624 733 3683 totam
756 3615 925 3683 Graeciam
947 3617 1246 3702 hippodromorum,
1270 3620 1466 3706 Olympiaco,

322 3723 507 3802 Isthmiaco,
530 3719 703 3801 Nemeaeo,
719 3717 865 3802 Pythice.
874 3721 894 3796 ¹)
928 3719 1109 3804 Olympiae,
1132 3723 1186 3787 ubl
1203 3724 1333 3806 plurimi
1348 3725 1381 3788 iu
1402 3743 1466 3789 are·

324 3847 397 3891 uam
420 3819 625 3889 descendisse
647 3818 783 3903 putandi
805 3827 886 3903 sunt,
910 3820 1142 3890 famosissimus
1170 3831 1239 3890 erat
1260 3827 1290 3900 (§
1309 3828 1364 3890 19:
1388 3816 1468 3888 ἀλλὰ

412 3977 436 4036 l)
454 3970 548 4024 Euripi
565 3969 663 4023 Robdii
682 3971 785 4040 Psyche
802 3970 823 4022 1.
841 3987 868 4038 p.
884 3973 932 4023 162
950 3969 1012 4024 adu.
1033 3975 1060 4026 lt
1075 3967 1235 4040 ‘Uebrigens
1253 3973 1346 4026 sohien
1364 3975 1407 4028 eiu
1424 3995 1468 4030 τα-

326 4057 467 4130 ράξιππος
483 4055 539 4110 last
555 4053 727 4122 uotbwendig
743 4070 779 4108 zu
801 4055 852 4110 deu
870 4054 1072 4124 llippodromeu
1096 4055 1143 4112 der
1159 4071 1271 4125 grosssu
1290 4057 1468 4128 Wettkampt·

325 4147 426 4198 stitten
443 4157 475 4193 zu
493 4131 628 4207 gehbreu.'
