3076 5020
290 373 330 434 30
498 373 529 429 O.
557 375 607 430 DE
625 374 752 442 QUINTI
769 375 958 431 SMYRNAEI
975 375 1226 434 HIPPODROMO.

289 553 324 613 ut
346 546 421 614 iude
450 567 561 615 sursus
590 551 797 633 insiperetur,
827 551 971 631 tertium,
1000 549 1111 616 uthis
1138 548 1291 616 finiretur.
1335 551 1451 618 Credo

288 650 397 716 uuimu
426 659 541 734 poetae
570 650 629 718 hos
652 670 764 718 versus
793 651 1012 736 componentis
1041 651 1132 717 illum
1155 651 1361 720 Homericum
1383 655 1451 720 ob-

289 759 450 819 versatum
473 771 544 820 esse
567 753 617 832 (Ψ
631 755 721 831 758):

524 863 670 936 τοῖσιδ’
696 863 766 937 ἀπὸ
790 870 911 958 νύσσης
932 874 1050 935 τέτατο
1074 868 1206 953 δρόμος.

288 989 355 1055 Sed
378 990 406 1056 is
428 988 469 1056 de
491 989 693 1073 pedestribus
716 992 896 1058 cursoribus
919 989 1024 1057 dietus
1047 997 1105 1074 est,
1128 991 1278 1074 quicum
1301 1011 1365 1057 uon
1380 994 1450 1059 eir-

289 1111 361 1158 eum
383 1090 667 1175 metumientem,
696 1093 830 1176 asiguo
860 1092 999 1176 quodam
1027 1093 1139 1176 procul
1166 1094 1272 1176 posito
1300 1093 1449 1178 ideoque

288 1199 419 1278 propter
447 1199 552 1260 metue
589 1194 757 1262 exterioris
792 1193 1035 1260 similitudinem
1063 1190 1168 1258 νύσσα
1202 1195 1367 1277 appellato
1397 1197 1448 1262 ud

288 1297 412 1362 iudices
435 1315 546 1361 versus
569 1315 696 1362 currere
719 1296 858 1362 ducendi
880 1303 962 1364 sunt.
1006 1295 1152 1364 Similem
1175 1302 1320 1362 veterum
1341 1297 1449 1364 inter-

288 1403 413 1482 pretum
436 1399 626 1464 sententium
642 1397 829 1464 Eustuthius
849 1397 893 1464 ud
916 1397 1001 1464 huuu
1021 1417 1151 1464 versum
1166 1398 1303 1480 profert:
1327 1397 1388 1475 Εἰς
1405 1399 1447 1464 δὲ

287 1496 325 1563 τὸ
351 1491 421 1564 ἀπὸ
445 1491 566 1585 νύσσης
588 1499 692 1585 φασὶν
715 1489 769 1564 ὅτι
798 1496 929 1580 δόλιχος
951 1483 991 1586 ἦν
1018 1493 1037 1564 δ
1061 1497 1185 1584 δρόμος
1205 1499 1262 1563 καὶ
1291 1492 1311 1582 ἡ
1335 1493 1448 1587 ὄφε-

288 1623 354 1677 σις
377 1593 454 1665 ἀπὸ
478 1602 550 1665 τοῦ
571 1602 816 1685 καμπτῆρος
838 1597 999 1685 ἐγένετο
1023 1593 1105 1666 ἅνω
1127 1597 1233 1683 πρὸς
1251 1597 1323 1688 τὴν
1339 1595 1446 1688 ἄφε-

288 1707 455 1789 rupuar,
478 1703 541 1769 nisi
556 1702 643 1786 quod
658 1723 827 1786 perperam
841 1703 883 1769 de
899 1702 1028 1770 doliuho
1045 1705 1276 1800 cogitaverunt:
1310 1705 1446 1773 Rectius

289 1805 374 1871 enim
397 1805 497 1872 suhoi.
513 1805 591 1871 Vsu.
608 1804 635 1870 B
651 1805 790 1871 studium
805 1806 1010 1889 intellegens:
1029 1797 1160 1890 Ὀλίγος
1180 1827 1233 1881 τις
1254 1801 1303 1892 ἦν,
1326 1807 1446 1893 inquit,

287 1901 305 1972 ὁ
331 1903 463 1992 δρόμος,
487 1903 573 1972 ’ἔνθα
593 1905 678 1994 μηδὲ
698 1904 834 1990 κάμψαι
856 1903 939 1994 ἐνῆν.
959 1909 964 1985 Ι
985 1903 1060 1972 ἐπεὶ
1077 1891 1134 1972 οὖν
1150 1903 1194 1992 μὴ
1217 1903 1444 1988 κάμπτουσιν,

289 2000 326 2073 οὐ
349 2005 564 2090 ταμιεύουσιν
587 2006 635 2084 εἰς
655 2005 694 2073 τὸ
717 2004 870 2085 τέλοςτὰ
894 2006 1009 2089 τάχος,
1039 2000 1116 2073 ciii’
1148 2001 1276 2084 εὐθέως
1303 2033 1445 2098 προπη-

288 2109 391 2176 δῶσιν
414 2114 468 2189 (=
490 2111 589 2178 sehol.
613 2112 759 2189 Termi).
