3076 5020
380 380 413 434 D.
440 380 492 435 DE
508 380 748 438 HIPPODROMO
767 383 960 441 STATIANO.
1202 391 1243 448 35

87 555 163 621 Neo
178 573 256 620 vero
276 555 439 638 intellego,
463 575 622 637 quaenam
644 557 815 640 aurigandi
838 559 915 625 artis
937 561 1139 642 peritissimis
1155 584 1243 630 mon·

89 663 194 722 strare
217 656 394 722 debuerint.
440 656 553 723 Scribo
577 658 688 740 igitur:

155 774 342 858 Expediunt
362 774 551 858 firmantque
574 777 699 842 animos
722 781 760 842 et
781 778 898 858 plura
919 779 1172 865 ministrant,

89 914 174 976 quae
190 895 324 959 mutatio
340 895 505 960 lenissima
520 900 577 978 est,
601 896 628 960 si
642 896 832 977 praesertim
846 897 935 980 prior
948 897 1042 963 litera
1056 920 1077 964 n
1093 900 1126 964 in
1141 901 1240 966 verbo

88 1001 267 1061 monstrant
288 996 409 1060 lineola
431 996 646 1079 superscripta
668 996 849 1080 significata
864 1007 940 1065 erat.
974 999 1142 1067 Sententia
1163 1023 1240 1069 vero

89 1099 137 1163 sio
153 1097 297 1181 efficitur,
314 1116 397 1180 quae
413 1099 584 1181 unicuique
605 1104 718 1181 aperta
733 1099 774 1164 sit
788 1099 831 1164 ad
847 1101 1107 1183 intellegendum.
1141 1104 1238 1170 Nam·

88 1220 152 1280 que
179 1205 291 1282 poeta,
323 1200 473 1282 quoniam
502 1200 566 1266 duo
595 1199 732 1266 fidorum
759 1202 938 1268 ministeria
966 1207 1238 1288 commemoravit,

85 1302 181 1382 plura
204 1320 390 1368 enumerare
413 1301 609 1384 supersedet.
654 1303 752 1366 Plura
777 1303 905 1369 addidit
925 1304 1122 1387 Apollinaris
1145 1305 1239 1376 Sido·

86 1404 160 1468 nius
183 1423 278 1468 earm,
296 1403 409 1468 XXIII
424 1404 570 1468 325-30
593 1409 734 1469 nostrum
757 1405 864 1470 loeurn
887 1406 1042 1472 imitatus:

619 1522 790 1589 Continent
811 1525 992 1591 ministri

307 1622 372 1690 Ora
393 1631 425 1690 et
446 1625 516 1689 lora
537 1644 650 1689 manns
672 1625 827 1708 iubasque
850 1632 950 1693 tortas

305 1725 431 1808 Cogunt
451 1724 613 1791 flexilibus
635 1728 736 1792 latere
758 1728 851 1793 nodis

305 1828 543 1911 Hortanturque
566 1828 669 1894 obiter
690 1829 865 1913 iuvantque
888 1830 1016 1897 blandis

303 1930 395 1998 Ultro
417 1931 583 2013 plausibus
607 1937 639 1995 et
660 1932 885 2014 voluptuosum

305 2033 435 2099 Diutant
457 2031 774 2114 quadrupedantibus
795 2035 944 2099 furorem.

83 2151 238 2234 Suspicor
265 2150 434 2217 Sidonium
463 2150 558 2216 Statii
591 2170 720 2216 versum
752 2152 798 2217 ita
829 2153 965 2234 legisse,
998 2157 1034 2215 ut
1066 2170 1127 2233 ego
1161 2172 1234 2218 eum

82 2271 208 2334 sorrpsr.
617 2272 620 2283 ·
