3072 5012
326 401 388 460 100
729 399 760 454 Β,
787 397 839 452 DE
856 397 1076 454 Tuesxrreo,

325 579 408 658 loeu,
431 573 541 658 quoad
556 573 625 640 eius
641 571 710 639 lieri
724 578 861 656 poterat,
884 579 1052 638 anaturau
1070 591 1104 639 ss
1127 571 1364 655 applicantibus
1381 569 1475 636 Grae·

325 680 372 746 eis
394 683 427 744 et
449 674 670 760 hippodromis
693 680 726 740 et
747 673 861 741 studiis
877 673 1098 742 eoustrueudis
1115 673 1189 740 ullis
1204 673 1388 757 anteposita
1410 691 1474 738 esse

324 799 376 846 res
399 783 448 846 est
468 777 645 845 notissima.
690 775 888 844 curvaturae
916 775 1014 859 igitur
1041 773 1244 859 hippodromi
1266 774 1363 840 rutila
1385 793 1475 857 rupes

325 881 501 949 eoollihus
529 897 719 962 proeurreus
748 876 943 944 imminebat
988 875 1165 960 Quoniam,
1192 877 1225 943 in
1247 896 1390 960 quanam
1412 896 1474 942 eur-

324 991 458 1051 saturae
479 988 570 1067 parto
593 982 672 1048 situs
693 979 798 1062 fuerit,
819 999 884 1045 non
898 986 1048 1046 aeuurate
1070 979 1273 1064 dictumest,
1295 979 1330 1044 iu
1352 979 1475 1044 sinistra

325 1088 394 1154 eius
415 1091 507 1168 parte
528 1083 635 1150 loeum
656 1102 731 1150 eum
752 1081 904 1149 habuisse
926 1081 1003 1148 lieet
1024 1099 1158 1148 sumere.
1194 1079 1323 1146 Deinde
1344 1099 1381 1146 re
1403 1100 1476 1146 uera

325 1206 425 1271 equos
448 1186 605 1253 eiusmodi
627 1206 662 1254 re
683 1185 832 1267 naturali,
855 1183 985 1266 qualem
1006 1183 1039 1248 in
1059 1188 1227 1249 montuosa
1241 1182 1383 1250 Graecia
1404 1184 1475 1249 uoti·

324 1289 380 1355 die
401 1288 468 1355 iere
490 1294 636 1372 speetare
656 1293 815 1372 poteraut,
837 1305 900 1352 uon
923 1285 1026 1369 magis
1048 1305 1145 1368 quam
1168 1285 1307 1367 simpliei
1329 1304 1389 1352 ara
1409 1304 1474 1368 per-

325 1389 452 1458 territos
474 1409 547 1456 esse
569 1391 701 1456 quilibet
722 1388 835 1456 talium
857 1407 963 1455 rerum
983 1388 1088 1470 perito
1113 1407 1303 1470 persuasum
1326 1393 1391 1454 est:
1419 1385 1475 1450 hae

324 1511 430 1576 nugae
445 1497 527 1558 suut
559 1491 662 1556 Immo
676 1491 743 1556 ulia
757 1509 856 1557 eausa
875 1489 1124 1574 perturbationis
1141 1486 1312 1555 defieieute
1335 1487 1472 1554 homiues

325 1593 538 1677 superstitiosi
553 1592 596 1658 ad
612 1593 702 1658 illam
717 1611 840 1676 rupem,
863 1591 982 1675 quippe
997 1610 1081 1674 quae
1096 1591 1236 1657 maxime
1250 1591 1284 1656 in
1307 1599 1471 1676 conspeetu

325 1699 426 1779 esset,
454 1693 673 1778 confugerunt.
719 1693 891 1778 Olympiae
914 1713 1042 1777 quoque
1069 1694 1208 1760 similem
1235 1713 1368 1760 oanmm
1389 1699 1470 1759 uatu-

325 1797 428 1862 ralem
455 1801 646 1877 quaerentes
675 1794 757 1860 lauri
785 1795 871 1860 loliis
899 1801 996 1861 vento
1023 1797 1154 1878 aptatis
1183 1815 1282 1879 equos
1308 1796 1471 1880 perterreri

325 1897 459 1982 qnidam
480 1897 701 1980 opinabantur.
738 1895 807 1962 lloo
830 1895 924 1962 doeet
945 1896 1102 1964 scholium
1123 1905 1215 1964 vetus
1237 1898 1280 1964 ad
1295 1896 1470 1982 Lycophro-

325 2001 376 2066 nis
398 2000 493 2065 Alex.
508 2019 539 2064 v.
556 2001 597 2062 42
621 1997 683 2076 (ed.
702 1997 824 2063 Kiukel
846 2017 877 2081 p.
894 2000 962 2076 68):
994 1996 1100 2082 „ivea
1121 2001 1275 2086 γηγενοῦς
1293 1991 1430 2081 Ἰσχένου
1440 1991 1470 2082 1)]

326 2105 429 2185 Γίγας
452 2096 578 2184 ἐγένετο
593 2095 711 2184 Ἑρμοῦ
733 2099 788 2163 καὶ
806 2093 955 2179 Ἰωνίας·
978 2099 1096 2166 τούτου
1119 2099 1156 2166 δὲ
1178 2098 1251 2178 υἱὸς
1265 2094 1414 2184 Ἰσχονας,
1435 2093 1469 2166 οὗ

325 2205 439 2292 μνῆμα
462 2200 629 2267 δείκνυται
651 2197 746 2281 παρὰ
768 2197 827 2265 τὸν
840 2201 1044 2284 καλούμενον
1059 2201 1203 2288 Κρόνιον
1221 2201 1328 2290 λόφον
1343 2200 1413 2290 [hoe
1432 2223 1470 2270 ex

325 2307 428 2390 ipsius
450 2310 567 2388 poetae
589 2305 697 2371 uerbis
726 2303 902 2371 scholiasta
922 2324 1092 2388 perperam
1119 2301 1251 2391 hausitl·
1282 2306 1417 2372 καλοῦσι
1437 2304 1469 2368 δὲ

327 2399 427 2474 αὐτὸν
454 2402 691 2488 Ταράξιππον,
721 2401 837 2489 ἐπειδὴ
862 2405 895 2470 oi
919 2399 1156 2489 ἀγωνιζόμενοι
1177 2405 1298 2488 irritos,
1322 2399 1402 2474 ὅταν
1421 2410 1469 2491 γὲ·
1515 2421 1516 2436 ’

327 2533 449 2576 νωνται
479 2505 583 2572 ἐκεῖσε
604 2505 689 2572 κατὰ
711 2503 749 2572 τὸ
772 2508 902 2592 μνῆμα,
932 2506 1168 2594 ταράσσονται.
1214 2503 1313 2576 ditos
1334 2509 1371 2575 δέ
1392 2531 1468 2597 φασι

327 2608 455 2694 δάφνην
484 2604 570 2673 εἶναι
598 2609 653 2674 καὶ
683 2613 857 2695 σειομένης
880 2601 980 2696 αὐτῆς
1000 2611 1042 2697 τῇ
1068 2611 1146 2698 σκιᾷ
1172 2612 1239 2675 ταῖν
1262 2609 1396 2698 φύλλων
1415 2636 1469 2676 τα-

326 2709 518 2794 ράσσεσθαι
539 2707 617 2786 τοὺς
632 2708 822 2788 innoves)
857 2711 1059 2795 Quamquam
1075 2713 1118 2781 ad
1133 2712 1266 2798 frondis,
1289 2716 1469 2799 praesertim

325 2911 432 3052 &Bas
441 2911 552 3051 nguge
560 2909 679 2966 aroheol.
690 2925 724 2966 eu
737 2912 822 2968 Grece
832 2919 859 2968 et
867 2913 914 2967 As,
927 2914 991 2968 min.
1001 2915 1061 2971 itin.
1071 2915 1128 2970 tab.
1138 2919 1170 2969 33
1179 2921 1206 2969 et
1213 2931 1242 2984 p.
1253 2917 1295 2971 33.
1314 2914 1380 2970 sut.
1390 2914 1467 2970 Theb.
1514 2909 1515 2926 ¹

382 3001 465 3052 255-
485 3001 509 3050 0.

414 3103 439 3165 1)
457 3099 501 3152 Sic
512 3098 584 3152 onim
594 3099 736 3166 legendum
752 3115 848 3156 censeo
862 3104 890 3156 et
906 3101 1035 3158 aTaetae
1045 3103 1145 3157 lectum
1157 3115 1224 3155 osse.
1252 3101 1364 3156 Codices
1375 3100 1467 3154 habeut

326 3182 423 3237 lemma
441 3177 512 3240 ivea
530 3188 684 3255 γηγενοῦς1,
702 3184 799 3240 deiude
812 3183 936 3258 Ἰοχενας
953 3189 1037 3260 γίγας
1053 3185 1167 3259 ἐγένετο
1180 3191 1250 3252 ντί,
1268 3187 1346 3256 quasi
1363 3189 1388 3239 et
1403 3185 1467 3253 putri

327 3272 355 3320 et
371 3265 428 3321 filio
446 3267 517 3322 idem
535 3267 633 3322 fuisset
650 3284 757 3324 nomeu.
785 3271 837 3325 Sed
855 3273 907 3326 hoo
925 3274 1006 3328 uredo
1018 3273 1193 3327 scholiastam
1205 3271 1294 3341 aliquo
1313 3276 1384 3326 certe
1395 3273 1466 3325 modo

327 3351 520 3405 adnotaturum
537 3354 629 3420 fuisse,
648 3354 721 3410 velut
739 3354 867 3425 τοῦνομα
885 3361 934 3413 καί
952 3348 1038 3425 οὗτος
1052 3353 1187 3430 lapsos,
1205 3373 1256 3412 neo
1273 3357 1406 3425 intellego,
1424 3372 1466 3410 cur
1513 3339 1514 3395 i

328 3433 450 3500 Tamum,
468 3435 514 3504 qui
524 3438 639 3493 traditos
653 3442 860 3496 commentarios
878 3443 1023 3512 ampliauit,
1041 3443 1128 3513 patris
1145 3443 1217 3497 idem
1233 3458 1332 3498 nomen
1350 3442 1465 3498 omiserit.

326 3519 419 3574 Etiam
436 3520 611 3587 paraphrasis
628 3524 764 3592 antiquior
780 3527 868 3595 patris
886 3543 983 3582 nomeu
1000 3531 1086 3596 tecet3
1105 3523 1241 3600 ,Ἰσχενος
1258 3528 1288 3585 de'
1305 3526 1364 3585 ἐστι
1374 3530 1465 3596 Γίγαν·

327 3625 379 3670 τος
395 3591 459 3670 υἱός
476 3596 536 3662 άπὸ
554 3611 607 3664 τοῦ
620 3601 726 3681 Ἑρμοῦ
742 3613 792 3666 καί
809 3615 858 3682 τῆς
871 3607 1011 3682 *Ιερείαςέι

414 3711 440 3772 2)
458 3705 529 3761 Huic
547 3707 662 3764 Tuetzae
680 3711 821 3778 scholium,
838 3715 911 3783 quod
929 3730 970 3769 me
988 3716 1135 3771 allaturum
1152 3733 1234 3786 supra
1257 3716 1377 3786 promisi,
1400 3731 1463 3769 cour·
1512 3733 1513 3754 ν

327 3793 442 3862 parandi
460 3806 543 3846 causa
560 3807 703 3864 apponam,
722 3798 786 3865 quia
803 3801 936 3866 quomodo
953 3801 978 3855 is
996 3801 1131 3857 veteribus
1148 3802 1258 3857 scholiis
1277 3818 1343 3856 usus
1359 3801 1402 3865 sit,
1418 3802 1463 3855 huo
1512 3819 1513 3855 l

327 3878 451 3946 exemplo
476 3878 576 3945 optime
597 3883 664 3949 puto
692 3880 884 3938 demonstrari:
913 3887 1065 3956 Γηγενοῦς]
1092 3890 1145 3944 τοῦ
1166 3888 1318 3959 Γίγαντας.
1351 3883 1463 3961 Ἑρμοῦ

327 3958 543 4035 καίἾερείας
560 3959 638 4028 υἱὸς
655 3966 774 4036 Γίγας.
810 3970 989 4040 Γίγαντας
1006 3970 1041 4027 δὲ
1058 3967 1131 4037 υίὸς
1144 3967 1304 4044 Ἲσγενος.
1338 3978 1422 4043 Λιμοῦ
1438 3975 1463 4031 δὲ

328 4043 487 4118 γεγονότος
502 4044 591 4120 ἐδόθη
607 4045 750 4122 χρησμός,
771 4046 809 4120 μὴ
828 4047 865 4110 siv
882 4049 977 4118 άλλως
993 4059 1113 4126 λυθῆναι
1133 4053 1187 4115 τὸν
1204 4055 1302 4128 ίιμάν,
1325 4057 1350 4116 εί
1362 4057 1396 4131 μὴ
1411 4065 1463 4116 τῶν

329 4127 453 4204 εὐγενῶν
470 4136 544 4204 τυθῇ
561 4153 611 4198 τις.
638 4130 761 4190 Πάντων
779 4139 876 4193 τοίνυν
893 4133 1103 4212 ἀπορουμένων
1114 4139 1250 4215 ἐθέληοεν
1269 4137 1409 4215 άἿοχινος
1425 4166 1462 4202 τυ
