3076 5020
264 353 305 414 42
649 352 684 408 ΙΙ.
712 352 762 406 DE
780 351 903 408 Lssvo
922 351 1029 408 GYRO.

264 528 428 597 debemus.
435 529 458 605 ¹)
485 526 688 593 Manifestum
704 532 802 593 estut
817 524 1226 593 hominembidextrnmad
1242 527 1409 611 quamlibet

265 651 333 698 rem
355 629 556 712 habiliorem,
579 631 626 696 sio
641 647 758 712 equum
773 628 835 696 hou
849 627 947 695 modo
966 630 1177 696 exercitatum
1199 637 1232 695 et
1253 631 1410 696 exoultum

265 734 299 799 in
321 733 441 817 apertis
463 732 585 815 eampis
601 737 686 798 certe
708 733 809 797 multo
824 731 983 798 utiliorem
1006 751 1076 798 esse
1098 751 1194 815 quam
1216 732 1345 798 laevum
1367 730 1410 796 id·

265 835 350 900 uiroo
373 853 511 918 quoque,
534 835 611 917 quia
632 853 733 917 equus
747 835 849 900 altero
870 835 971 899 latere
985 833 1137 915 fatigatus
1155 839 1277 899 mumta
1297 831 1412 916 pedum

266 937 498 1020 glomeratione
519 937 621 1003 altero
643 936 823 1002 recentibus
845 933 968 1001 viribus
989 941 1095 1019 potest
1115 955 1261 1018 pergere.

351 1039 502 1104 Diximus
524 1058 621 1121 snpra
642 1041 684 1121 (p.
702 1036 754 1113 37)
778 1057 820 1103 ex
843 1037 1052 1121 quadrupedo
1082 1057 1236 1121 equorum
1259 1037 1361 1120 gradu
1383 1037 1412 1101 in

267 1141 481 1206 monumentis
513 1139 641 1223 depicto
673 1138 755 1204 nihil
788 1139 830 1205 de
862 1141 934 1224 gyri
965 1141 1097 1224 regione
1129 1159 1225 1224 posse
1258 1138 1412 1206 oonoludi.

266 1243 369 1309 Immo
392 1243 490 1308 etiam
512 1243 670 1324 imagines
688 1242 800 1324 aliqua
814 1261 855 1308 ex
869 1247 961 1324 parte
976 1249 1087 1309 eontra
1102 1263 1143 1309 ea
1155 1249 1310 1326 pugnant,
1334 1261 1414 1325 quae

267 1344 422 1410 haetenus
444 1343 487 1410 de
507 1344 602 1410 laevo
625 1364 705 1427 gyro
728 1350 761 1409 et
780 1343 990 1426 quadrupedo
1005 1343 1108 1426 gradu
1123 1344 1198 1411 buie
1212 1365 1293 1429 gyro
1309 1364 1413 1410 neees-

268 1448 354 1515 sario
377 1445 621 1528 disputavimus.
666 1444 820 1511 Videmus
842 1445 927 1511 enim
954 1448 1071 1513 multos
1094 1466 1193 1530 equos
1215 1448 1248 1512 in
1271 1447 1413 1513 certami-

267 1551 362 1616 nibus
384 1569 464 1630 non‚
494 1554 529 1612 ut
550 1546 683 1628 debent,
713 1548 857 1629 sinistra,
880 1566 991 1614 verum
1013 1548 1128 1615 dextra
1150 1548 1415 1633 quadrupedatim

269 1657 390 1718 euntes.
434 1651 525 1716 Haeo
548 1668 616 1730 reu,
646 1667 728 1731 quae
750 1649 906 1732 noudum,
929 1649 1016 1732 quod
1037 1651 1149 1734 miror,
1173 1652 1347 1718 observata
1368 1653 1415 1733 sit,

268 1755 413 1839 pluribus
427 1752 577 1835 persequi
589 1770 627 1816 eo
640 1749 742 1833 magis
754 1769 873 1832 operae
887 1753 1024 1834 pretium
1036 1759 1093 1836 est,
1110 1752 1197 1836 quod
1209 1761 1328 1819 eertam
1345 1754 1416 1819 arti·

269 1858 363 1923 fioum
385 1856 512 1921 illorum
530 1854 636 1934 legem
651 1852 874 1935 investigaturi
889 1873 1006 1919 sumus.
1043 1854 1233 1937 Priusquam
1248 1861 1356 1922 antem
1378 1854 1417 1920 ud

268 1978 338 2026 rem
348 1958 452 2043 ipsam
461 1954 664 2037 aenedamus,
673 1955 785 2019 talium
796 1974 900 2021 rerum
913 1954 1078 2037 imperitos
1088 1957 1289 2041 quadrupedi
1301 1957 1419 2042 gradus

270 2064 393 2128 ratione
416 2061 557 2126 imbuam
580 2063 714 2140 oportet.
753 2055 847 2134 Quod
861 2057 974 2139 paneis
996 2059 1197 2126 lineamentis
1212 2062 1282 2127 fieri
1303 2069 1418 2145 potest.

803 2171 876 2241 Equi

555 2309 666 2364 sinistre
683 2306 801 2377 quadru—
895 2307 990 2361 dextra
1007 2308 1127 2376 quadru-

616 2377 741 2444 pedantis
949 2375 1074 2444 pedaniis

567 3793 650 3862 pedes
727 3799 811 3865 pedes
891 3801 973 3869 perles
1049 3797 1135 3920 godes

558 3863 660 3916 sinistri
725 3869 812 3921 dextri
882 3869 984 3923 sinistri
1068 3865 1138 3920 extri

276 4015 477 4024 ...—--—-—-

367 4065 391 4128 1)
409 4061 462 4116 Gir.
472 4056 541 4116 ‘Das
553 4054 656 4126 Plerd',
674 4061 881 4116 commentarios
893 4076 982 4115 rerum
995 4062 1165 4127 equestrium,
1177 4059 1301 4114 Dresdae
1312 4058 1341 4112 in
1354 4057 1425 4113 offic.

279 4147 376 4203 Friesii
394 4151 421 4201 et
438 4149 471 4203 de
488 4145 692 4213 Puttlrammeri,
712 4147 744 4202 V.
766 4149 830 4200 1889
848 4162 875 4215 p.
890 4151 949 4202 311.
1524 4149 1525 4154 ’
