3072 5012
468 385 501 438 A.
528 384 578 437 DE
596 382 831 437 CARCERIBUS.
1186 381 1226 437 65

84 564 243 624 contentus
266 563 350 639 erat,
379 556 436 623 sed
459 557 575 622 lineam
598 556 699 636 magis
722 554 819 619 etiam
842 562 1024 619 curvaret
996 553 1160 638 st,udebat
1191 560 1226 618 ut
1299 576 1303 582 ·

84 683 146 727 rem
166 659 365 726 subtiliorem
388 671 420 724 et
436 659 674 756 perfectiorem
669 657 798 722 faceret
835 653 936 731 Quod
943 663 979 720 ut
994 662 1225 737 assequeretur,

84 783 142 828 non
156 762 325 844 gradatim,
348 761 405 828 sed
421 783 462 827 ex
482 763 560 845 ipsis
582 741 763 824 carceribus
784 759 874 839 equis
897 757 1045 823 admissis
1068 765 1225 823 certantes

84 864 163 930 misit
192 863 262 943 (l3:
298 862 487 941 ἐκθέουσιν,
521 861 689 943 eitonam:
723 861 756 926 id
785 861 880 941 igitur
909 859 1097 926 excurrendi
1125 879 1225 942 genus

83 965 239 1050 adhibuit,
273 967 360 1047 quod
388 987 447 1032 nos
477 963 676 1046 „fliegendcn
704 964 811 1029 Start“
843 983 1003 1028 vocamus.
1012 964 1032 1038 ¹)
1079 963 1226 1042 Namque

82 1068 197 1150 primus
220 1069 298 1134 ordo
322 1069 352 1134 h,
369 1089 395 1134 e.
418 1074 606 1151 postremus,
630 1086 701 1131 cum
723 1064 881 1146 utrimque
903 1064 1051 1129 admissis
1074 1063 1163 1144 equis
1183 1061 1226 1127 ad

81 1169 182 1234 exitus
208 1169 342 1235 secundi
371 1170 490 1236 ordinis
518 1168 690 1234 stationum
713 1175 859 1248 venerat,
889 1166 953 1230 iam
982 1165 1140 1230 afferebat
1167 1165 1224 1230 ali-

82 1278 229 1350 quantum
257 1272 395 1356 impetus
423 1271 446 1354 (³
447 1270 628 1352 ‚lebendige
651 1269 754 1333 Kratt
732 1268 795 1350 t‘),
825 1286 887 1348 quo
916 1269 1012 1351 paulo
1040 1267 1227 1351 posthunc

81 1373 252 1438 secundum
275 1372 417 1438 ordinem
441 1393 481 1438 ex
504 1373 567 1437 otio
590 1371 638 1450 (,‚t
640 1377 691 1435 ote
660 1371 817 1434 tKraft
794 1368 841 1452 t‘)
864 1372 1040 1454 profectum
1063 1367 1173 1433 celerit
1160 1375 1227 1434 tate

81 1484 251 1558 superaret.
282 1476 361 1539 Item
383 1473 540 1539 secundus
563 1473 640 1538 ordo
662 1470 775 1537 eadem
800 1470 841 1536 de
855 1492 952 1536 causa
971 1472 1143 1556 superabat
1164 1477 1224 1536 ter·

84 1575 166 1658 tium,
183 1577 293 1642 tertius
308 1585 463 1657 quartum,
480 1577 617 1656 denique
629 1574 807 1656 proximum
821 1575 984 1655 proximus
997 1573 1142 1654 quisque.
1165 1574 1226 1639 Ac·

84 1676 163 1742 cedit
178 1677 259 1743 illud
275 1679 380 1760 etiam,
397 1677 483 1759 quod
498 1677 712 1744 crescentibus
728 1677 769 1740 ab
786 1676 911 1741 embolo
927 1674 969 1739 ad
985 1678 1141 1759 porticum
1157 1698 1226 1743 ver·

81 1798 133 1844 sus
155 1780 351 1862 singularum
373 1781 546 1846 stationum
572 1779 749 1844 intervallis
773 1776 817 1862 (p.
834 1777 898 1859 56),
921 1796 983 1857 quo
1008 1779 1078 1859 quis
1100 1779 1226 1860 longius

82 1881 121 1944 ab
136 1882 263 1948 embolo
279 1888 418 1947 remotus
441 1891 518 1963 erat,
542 1903 579 1947 eo
595 1881 714 1946 maiore
737 1881 839 1962 spatio
863 1880 1041 1963 proximam
1063 1902 1083 1945 a
1105 1900 1140 1947 se
1163 1889 1225 1946 sta-

82 1982 195 2048 tionem
218 1983 364 2049 sortitum
384 1983 649 2068 praeoccupabat.
693 1981 849 2059 Quocirca
877 2001 976 2065 prope
999 1991 1134 2048 rostrum
1164 2004 1227 2051 non

81 2103 169 2148 arcus
198 2085 307 2150 circuli
330 2085 390 2151 GH
412 2085 525 2168 debat,
556 2084 614 2149 sed
636 2084 720 2148 linea
750 2083 851 2164 magis
879 2089 1010 2149 curvata
1032 2085 1105 2166 KL,
1137 2087 1226 2152 cuius

82 2204 195 2251 cornua
216 2186 357 2252 medium
381 2189 553 2254 maioribus
575 2187 733 2268 utrimque
756 2185 867 2268 spatiis
887 2184 946 2250 GK
970 2191 1002 2251 et
1018 2186 1075 2248 HL
1098 2205 1226 2270 supera-

82 2286 155 2350 bant
176 2306 272 2368 quam
294 2308 387 2355 arcus
408 2289 495 2355 illius
516 2288 586 2354 GH.
631 2291 673 2352 At
690 2289 736 2352 ita
757 2289 829 2352 viae
852 2287 894 2351 ab
917 2287 978 2352 bac
999 2288 1085 2352 linea
1107 2288 1227 2354 falcata

83 2395 112 2454 et
138 2390 312 2473 parabolae
341 2390 436 2455 simili
466 2390 508 2456 ad
538 2399 654 2455 metam
683 2388 872 2453 exteriorem
900 2389 1132 2473 percurrendac
1161 2390 1225 2455 iam

81 2509 140 2555 uon
161 2492 245 2557 inter
265 2511 301 2558 se
323 2511 426 2575 pares,
448 2493 506 2558 sed
529 2491 702 2557 exteriores
723 2490 926 2555 interioribus
948 2490 1110 2557 breviores
1126 2498 1224 2558 erant.

82 2593 121 2655 At
144 2592 204 2657 boc
226 2594 330 2676 ipsum
359 2593 479 2676 optime
506 2614 546 2658 ex
574 2593 733 2658 sententia
755 2592 905 2658 Cleoetae
926 2592 1033 2656 fiebat.
1080 2595 1226 2677 Namque

81 2693 236 2774 siquidem
260 2695 407 2761 celeritas
429 2696 502 2776 equi
526 2695 678 2759 currentis
700 2715 772 2774 non,
795 2701 830 2759 ut
851 2695 897 2759 rei
920 2695 1049 2761 exalto
1073 2694 1225 2779 cadentis,

82 2815 205 2880 semper
228 2815 328 2878 usqne
350 2798 393 2862 ad
413 2795 509 2861 linem
525 2815 633 2860 cursus
648 2797 824 2876 aequaliter
839 2797 962 2876 crescit,
984 2797 1042 2860 sed
1057 2817 1113 2880 per
1129 2798 1226 2864 breve

82 2903 201 2962 tantum
225 2900 362 2981 spatium
386 2897 410 2962 C
433 2899 499 2962 t'ere
522 2905 709 2978 metrorum,
735 2897 809 2976 equi
833 2915 958 2979 quoque
980 2898 1073 2979 primi
1096 2898 1224 2972 ordinis,

82 2999 134 3063 ubi
154 3005 230 3064 sunt
251 3000 364 3064 literae
389 2999 417 3061 K
440 3005 471 3064 et
493 3000 534 3083 L,
561 2999 607 3063 ibi
629 2999 824 3063 celeritatem
846 2999 911 3061 iam
934 2999 1171 3081 compleverant
1194 3008 1226 3066 et

80 3100 152 3165 inde
175 3099 217 3163 ad
232 3101 275 3167 Mt
304 3101 380 3166 etN
403 3102 564 3181 aequabili
580 3101 750 3164 velocitate
774 3099 948 3164 currebant.
987 3099 1026 3164 Ei
1042 3121 1117 3166 vero
1141 3103 1224 3184 eqni,

82 3201 134 3281 qui
148 3203 279 3285 propius
294 3203 336 3266 ab
352 3203 478 3267 embolo
495 3202 709 3282 constiterant,
734 3200 929 3266 celeritatem
945 3201 1056 3266 eodem
1073 3209 1224 3287 tempore,

82 3321 142 3382 quo
166 3304 261 3386 primi
282 3303 402 3368 ordinis
424 3303 563 3368 nondum
587 3303 842 3383 cumulaverant,
865 3301 922 3366 sed
945 3305 1105 3386 augebant
1128 3306 1225 3371 etiam

80 3426 136 3487 per
158 3405 319 3484 quoddam
342 3407 495 3488 spatium,
526 3404 615 3485 quia,
645 3405 700 3468 ubi
727 3405 845 3469 lineam
873 3406 1014 3468 lunatam
1039 3406 1124 3470 KRL
1153 3429 1225 3473 con-

14 3519 15 3598 l
79 3507 309 3587 sequebantur,
340 3507 479 3573 nondum
507 3506 592 3570 idem
621 3506 707 3584 quod
734 3507 855 3588 primus
884 3505 975 3587 ordo,
1010 3508 1069 3572 sed
1099 3510 1225 3575 brevius

14 3635 16 3680 ;
80 3609 217 3693 spatium
240 3614 500 3692 percucurrerant
523 3614 554 3671 et
575 3626 614 3672 eo
637 3608 773 3689 brevius,
797 3626 858 3688 quo
881 3608 1010 3688 propius
1033 3611 1074 3673 ab
1098 3612 1224 3677 embolo

14 3733 16 3759 ι
80 3731 95 3775 e
121 3711 300 3777 carceribus
322 3712 455 3794 proiecti
476 3717 574 3774 erant.
611 3710 662 3773 Ita
676 3708 782 3788 fiebat,
806 3713 841 3772 ut
856 3709 929 3789 equi
947 3711 1050 3792 ipsum
1066 3713 1225 3793 utrimque

78 3823 213 3878 rostrum
237 3813 471 3895 contingentes,
501 3811 555 3890 qui
577 3809 743 3873 novissimi
772 3812 999 3889 excurrebant,
1029 3812 1224 3878 celeritatem

14 3935 15 3942 ¹
79 3921 146 3980 tum
176 3914 302 3979 demum
326 3914 536 3995 complerent,
565 3931 636 3974 cum
658 3910 795 3993 spatium
823 3912 982 3992 permensi
1005 3919 1109 3993 erant,
1139 3916 1225 3995 quod

165 4133 189 4195 ll
207 4130 261 4186 Cir.
275 4129 478 4185 Lehndorffium
496 4147 522 4198 p.
538 4132 578 4183 ts.

1006 4217 1019 4263 5
