3076 5020
317 357 359 416 34
602 356 637 410 D.
664 356 715 410 DE
733 354 975 410 HIPPODROMO
993 353 1186 410 STATIANO.

319 553 388 600 sum
412 530 530 614 singuli
553 530 627 612 equi
648 529 860 613 appellantur.
904 527 1015 594 Possis
1031 534 1156 615 putare,
1179 528 1234 593 nbi
1256 529 1350 595 unius
1372 527 1469 594 modo

319 633 395 717 eqni
409 651 526 698 nomen
540 631 702 714 afferatur,
725 631 771 696 ibi
785 649 829 696 ox
845 649 934 697 more
950 630 1165 696 Romanorum
1188 631 1349 697 sinistrum
1371 630 1470 713 signi·

320 735 409 802 ficari
429 739 473 818 (p.
495 735 536 810 9).
581 731 648 800 Sed
669 739 894 816 praeterquam
923 732 1010 815 quod
1039 732 1171 799 interior
1199 751 1316 816 equus,
1350 732 1470 815 qnippe

320 838 372 904 oui
394 837 497 902 minor
519 835 606 901 orbis
628 833 843 900 conficiendos
866 835 923 917 sit,
951 840 1080 918 praeter
1107 842 1230 902 ceteros
1258 834 1386 900 incitari
1409 853 1471 899 non

320 940 411 1020 solet,
435 937 564 1004 Arionis
586 955 714 1019 qnoque
735 936 884 1017 exemplo
907 935 989 1002 haec
1010 937 1171 1004 sententia
1190 937 1330 1003 reicitur.
1373 935 1469 1000 Hunc

321 1042 422 1123 enim,
446 1039 501 1123 qui
523 1040 609 1106 solus
632 1057 651 1104 e
673 1038 836 1122 Polynicis
858 1039 950 1121 equis
972 1039 1100 1105 nomine
1122 1037 1287 1122 landatur,
1309 1057 1373 1103 non
1397 1037 1470 1103 sini·

321 1149 421 1210 strum
442 1141 594 1226 funalem,
618 1140 675 1207 sed
698 1159 795 1206 unum
808 1159 850 1206 ox
865 1141 1027 1224 iugalibus
1049 1159 1120 1208 esse
1135 1160 1153 1206 e
1169 1162 1199 1206 v.
1216 1142 1279 1205 503
1301 1139 1469 1206 discimus:

1011 1265 1134 1326 erectus
1155 1260 1189 1324 in
1211 1278 1319 1325 armos

450 1360 522 1428 Stat
542 1360 729 1442 sociumque
750 1361 818 1444 iugi
840 1361 1037 1444 comitesque
1059 1361 1217 1444 utrimque
1240 1360 1359 1426 laboris

450 1462 567 1528 Secum
588 1463 653 1528 alte
675 1462 841 1545 suspendit
862 1483 972 1546 equos.

409 1581 457 1647 Ac
478 1579 626 1646 dextrum
649 1580 778 1663 quidem
802 1581 898 1648 credo
921 1602 992 1648 eum
1009 1583 1150 1665 iugalem
1166 1601 1247 1663 esse,
1270 1582 1299 1648 si
1313 1599 1470 1648 summurn

324 1684 393 1750 eius
414 1684 568 1764 impetum
589 1688 708 1764 specto.
752 1682 866 1765 Neque
888 1686 972 1750 enim
992 1684 1028 1751 id
1048 1704 1067 1750 e
1085 1704 1181 1752 versu
1196 1687 1259 1748 444
1281 1682 1470 1750 concludere

323 1784 438 1852 velim:

497 1865 666 1952 Spargitur
687 1869 721 1934 in
742 1889 840 1954 gyros
862 1870 1039 1953 dexterque
1061 1877 1189 1936 exerrat
1209 1871 1319 1955 Arion,

324 1988 379 2055 ubi
402 1988 514 2054 dexter
535 1988 622 2054 idem
645 1995 693 2054 est
715 1988 804 2071 quod
823 1989 1025 2056 dextrorsum
1045 1990 1156 2066 (Recte
1177 1994 1341 2055 verterunt
1356 1987 1469 2052 Binde-

325 2090 476 2157 waldins:
502 2083 598 2156 ‘nach
620 2084 726 2157 rechts
749 2092 782 2156 in
804 2092 933 2157 weitem
956 2091 1067 2174 Bogen
1088 2081 1220 2156 abirrte'
1252 2097 1284 2156 et
1305 2089 1468 2156 Imhoiius:

322 2187 402 2259 ‘und
424 2190 528 2258 rechts
551 2191 761 2258 absohweiite
779 2213 854 2258 vom
869 2184 1009 2276 Wege').
1047 2192 1204 2258 Sciebant
1225 2199 1331 2258 autern
1347 2199 1469 2258 veteres

326 2315 388 2379 quo
412 2295 525 2377 cuique
548 2294 737 2360 circensium
759 2313 912 2377 equorum
935 2296 1038 2360 maior
1060 2301 1129 2360 erat
1150 2295 1304 2377 impetus,
1335 2315 1405 2361 eum
1429 2290 1468 2357 ad

326 2398 473 2464 dextram
489 2398 630 2477 iungere,
654 2397 709 2479 qui
725 2415 794 2462 mos
817 2395 892 2461 inde
914 2397 1030 2462 nostris
1054 2416 1181 2479 quoque
1203 2398 1324 2480 aurigis
1346 2395 1467 2460 mansit.

327 2499 418 2578 Quae
441 2518 512 2564 cum
534 2499 581 2563 ita
602 2499 675 2580 sint,
697 2496 897 2564 tardissimus
920 2498 1057 2580 quisque
1078 2517 1179 2581 equus
1201 2498 1242 2564 ab
1265 2499 1385 2581 aurigis
1400 2517 1468 2582 pro-

326 2602 447 2667 miscue
474 2599 609 2665 excitari
636 2597 796 2681 putandus
825 2605 882 2664 est.
927 2599 1075 2666 Forsitan
1096 2599 1252 2682 Papinius
1277 2601 1311 2665 in
1332 2600 1468 2666 fontibus

325 2703 392 2769 suis
414 2702 555 2768 omnium
577 2701 708 2765 nomina
729 2720 792 2766 non
814 2701 980 2768 invenerit.
1003 2736 1045 2745 —

411 2802 472 2869 Vv.
496 2805 558 2865 402
581 2810 613 2867 et
635 2805 696 2865 403
719 2802 752 2867 in
773 2802 864 2869 libris
886 2803 1109 2885 manuscriptis
1131 2803 1179 2870 sic
1201 2804 1352 2887 legimus:

369 2920 582 2988 Circumstant
603 2920 659 2985 lidi
681 2940 846 3003 nexusque
869 2928 901 2986 et
922 2926 1006 2987 torta
1027 2921 1174 2987 iubarum

369 3023 555 3107 Expediunt
575 3021 765 3106 firmantque
787 3024 911 3089 animos
934 3029 972 3090 et
992 3024 1168 3106 plurima
1189 3029 1422 3090 monstrant.

327 3167 362 3230 τὸ
385 3166 456 3244 ὑπὲρ
481 3167 608 3244 Κυρήνης
632 3171 765 3229 οἰκέουσι.
802 3169 849 3229 ἐπὶ
871 3166 1024 3229 θάλασσαν
1046 3172 1076 3230 δὲ
1098 3165 1133 3230 oi
1155 3166 1310 3244 κατήκουσι
1332 3167 1468 3247 {tiedricus

327 3253 362 3314 τὸ
386 3254 442 3330 γὰρ
469 3253 549 3328 παρὰ
575 3254 727 3315 θάλασσαν
750 3262 906 3329 Κυρηναῖοι
932 3257 1073 3326 νέμονται.
1116 3255 1414 3331 τεθριπποβάται
1439 3255 1469 3313 δὲ

329 3334 389 3399 οὐκ
407 3332 549 3411 ἥκιστα,
568 3335 655 3400 ἀλλὰ
673 3339 831 3413 μάλιστα
844 3338 991 3415 Λιβύων
1008 3341 1091 3408 εἰσὶ,
1109 3338 1217 3412 νόμους
1234 3343 1264 3400 δὲ
1275 3339 1343 3409 τοὺς
1355 3348 1469 3404 πλεῦνας

327 3426 480 3497 μιμέεσθαι
503 3420 695 3500 ἐπιτηδεύουσι
719 3422 787 3492 τοὺς
807 3427 982 3498 Κυρηναίων.
1017 3425 1071 3482 Pro
1094 3426 1183 3483 forma
1201 3421 1332 3500 Ἀσβύται
1349 3428 1469 3484 usitatior

329 3517 371 3568 est
392 3506 539 3586 Ἀσβύσται
563 3514 603 3577 (ut
625 3512 726 3568 Gallim.
745 3512 835 3582 hymn.
852 3510 880 3564 ll
898 3514 939 3565 76.
957 3511 1007 3579 frg.
1029 3515 1069 3568 13.
1087 3511 1224 3581 Lycophr.
1249 3516 1298 3568 895
1323 3511 1405 3578 alibi).
1444 3509 1469 3564 Si

328 3598 443 3666 quaeris,
462 3598 508 3666 qui
525 3597 706 3667 Amphiaraus
724 3596 804 3650 huius
821 3595 908 3664 gentis
927 3611 1010 3664 equos
1033 3596 1173 3665 possidere
1189 3598 1317 3666 potuerit,
1336 3593 1470 3651 clarissimi

330 3683 535 3752 Cyrenaicorum
553 3683 629 3749 equi,
647 3682 694 3750 qui
711 3682 819 3748 saepius
839 3680 979 3736 titanorum
996 3682 1260 3736 Panathenaioorum
1276 3681 1428 3736 testimonio
1444 3681 1469 3733 in

329 3767 496 3822 Graecorum
515 3766 705 3822 certaminibus
724 3765 840 3820 victores
857 3766 1009 3834 prodibant,
1027 3767 1093 3837 quin
1110 3766 1249 3821 cGraecis
1267 3766 1376 3836 plurimi
1394 3765 1468 3822 aesti-

329 3853 395 3906 mati
412 3858 493 3922 atque
511 3851 588 3906 valde
607 3850 719 3919 expetiti
735 3849 845 3915 inerint,
863 3851 953 3906 nullus
972 3850 1073 3907 dubito.
1104 3851 1200 3906 Merito
1219 3851 1407 3920 Amphiaraus,
1425 3865 1469 3904 no·

330 3936 474 3992 bilissimus
493 3937 538 3990 ille
554 3935 655 4004 auriga,
673 3935 782 4005 optimis
800 3935 875 4003 equis
888 3939 1042 3991 exornatur.
1069 3935 1147 4004 Quod
1163 3937 1234 3990 enim
1247 3935 1381 4006 Asbystae
1397 3949 1468 4006 prae·

329 4022 488 4076 stantissimi
505 4021 694 4090 quadrigarum
712 4021 820 4089 aurigas
837 4020 1015 4090 appellantur,
1032 4021 1096 4076 inde
1112 4021 1146 4076 de
1158 4035 1288 4090 equorum
1306 4036 1412 4091 quoque
1428 4035 1468 4075 ex·

330 4106 456 4162 cellentiu
475 4105 635 4160 concludere
652 4104 723 4159 lieet.
