3076 5020
364 382 397 436 D.
426 381 475 435 DE
493 380 734 437 HIPPODROMO
751 381 944 437 STATIANO.
1189 383 1230 442 33

56 556 199 622 circum
221 554 281 621 has
303 562 405 621 metas
433 573 526 621 cursu
547 553 667 620 flexum
689 555 739 621 sit.
776 556 856 621 Inde
878 573 899 621 5
921 575 1015 622 versu
1038 560 1100 621 494
1128 574 1231 638 usque

56 657 111 724 ad
137 675 272 722 versum
295 661 356 720 440
384 657 523 739 spatium
549 658 779 739 permetiuntur
802 677 820 723 5
842 657 1023 724 carceribus
1046 656 1090 722 ad
1111 663 1230 723 metam

59 760 286 824 exteriorem:
309 759 473 824 nonenim
489 759 599 843 Arion,
623 759 650 824 si
666 760 730 823 iam
745 760 959 842 compluriens
982 766 1051 824 arto
1074 760 1229 842 anfractu,

59 865 101 925 ut
127 859 243 942 decet,
266 865 383 926 metam
406 860 573 943 ambisset,
597 860 704 926 subita
725 860 860 927 libidine
883 867 915 926 et
935 862 1093 927 varietate
1116 860 1229 926 ductus

60 961 110 1026 ab
138 979 185 1027 ea
207 969 394 1028 exerrassct.
432 962 491 1028 Vv.
509 964 655 1026 445-53
676 964 709 1026 45
731 964 833 1028 544555
855 964 956 1030 latere
978 964 1160 1028 admotam
1182 963 1229 1026 in-

61 1064 228 1128 feriorem
243 1069 452 1147 revertuntur,
465 1085 495 1130 v.
504 1069 567 1128 454
584 1065 758 1131 secundum
773 1065 965 1130 curriculum
975 1065 1092 1131 inituri.
1115 1064 1153 1130 V.
1166 1066 1229 1128 469

62 1165 184 1247 quarti
207 1165 292 1230 orbis
315 1167 438 1231 initium
457 1166 577 1232 diserte
592 1172 866 1247 commemoratur,
889 1187 920 1231 v.
937 1169 998 1230 479
1015 1167 1083 1233 5455
1097 1165 1171 1232 44545
1186 1165 1231 1232 ad

63 1268 262 1332 interiorem
283 1274 411 1333 metam.
456 1266 582 1333 Dehinc
611 1288 695 1351 quae
721 1267 814 1349 fiunt,
843 1276 921 1350 quot
942 1270 1030 1351 gyris
1060 1268 1230 1334 tribuenda

64 1369 153 1452 siut,
187 1370 220 1433 45
248 1388 402 1450 suspenso
430 1369 634 1451 relinquitur:
663 1391 737 1435 nam
762 1371 871 1434 v.496
895 1371 1229 1449 (=11.11¹373)iam

65 1469 269 1536 decertatur.
299 1471 409 1536 Potest
424 1473 505 1536 inter
520 1471 584 1536 duo
601 1470 765 1554 haesitari,
781 1477 885 1535 utrum
900 1472 974 1555 XII,
990 1479 1026 1537 ut
1039 1473 1073 1538 in
1084 1472 1228 1556 Graecis,

65 1593 112 1636 an
129 1572 211 1654 VII,
235 1573 324 1637 utin
346 1573 500 1638 Romanis
523 1573 630 1656 circis,
654 1573 804 1638 circuitus
827 1572 1019 1640 efficiantur:
1043 1573 1118 1656 hoc,
1142 1572 1229 1657 quod

65 1680 193 1756 poetae
215 1673 247 1740 in
271 1675 344 1740 aliis
366 1693 493 1756 quoque
516 1675 627 1756 rebus,
658 1681 692 1738 ut
714 1674 869 1759 vidimus,
899 1695 1028 1741 suorum
1050 1681 1228 1759 temporum

67 1776 223 1841 instituta
244 1777 410 1860 recipienti
432 1777 610 1859 promptius
633 1782 690 1857 est,
714 1776 784 1842 veri
805 1776 934 1842 videtur
956 1777 1100 1844 similius.

161 1878 207 1944 Ut
221 1885 338 1962 autem,
362 1885 514 1960 quantum
530 1898 608 1944 suae
623 1880 739 1944 aetatis
753 1879 928 1944 auctoritas
943 1878 986 1943 ad
1006 1898 1057 1945 res
1080 1880 1228 1962 antiquas

69 1978 306 2045 describendas
334 1981 487 2064 valuerit,
522 1981 620 2045 etiam
648 1979 752 2061 magis
781 1979 947 2062 proderet,
980 1986 1077 2062 poeta
1105 1989 1228 2064 septem

69 2082 207 2164 aurigas
230 2082 396 2148 universos
423 2081 590 2164 quadrigis
618 2082 695 2147 fecit
717 2080 921 2147 decurrentes
944 2083 1010 2156 (cfr.
1033 2101 1064 2164 p.
1084 2084 1144 2160 19).
1189 2083 1228 2148 Id

70 2184 137 2250 nisi
160 2190 272 2266 aperte
294 2184 414 2250 dictum
437 2191 522 2250 esset
542 2187 585 2259 (v.
603 2185 693 2266 370),
725 2202 767 2247 ex
789 2183 970 2249 nominihus
993 2203 1147 2266 equorum
1171 2186 1227 2249 vix

71 2286 294 2352 concluderes.
330 2285 415 2349 Nam
434 2305 485 2350 vv.
503 2288 660 2369 460-66,
683 2285 738 2351 554
760 2284 942 2350 nominibus
961 2287 1093 2369 aurigae
1116 2305 1226 2368 equos,

72 2394 108 2453 ut
130 2388 246 2470 solent,
268 2385 488 2468 adhortantur,
511 2387 641 2452 Admeti
655 2394 729 2470 tres,
752 2385 941 2469 Amphiarai
957 2390 1065 2465 tres1),
1089 2389 1227 2471 reliquo·

165 2609 188 2664 tt
207 2603 351 2667 Aschctus,
371 2602 488 2671 Cygnus,
507 2604 608 2658 Caenus
626 2620 650 2658 u.
670 2608 721 2659 524
738 2604 798 2670 (cfr.
817 2603 946 2657 Welcker
964 2619 1007 2672 cp.
1027 2604 1099 2674 cycl.
1118 2605 1145 2659 11
1162 2606 1225 2662 adu.

78 2694 144 2756 110).
174 2689 248 2742 Haec
266 2689 374 2742 uomina
386 2688 488 2742 Statius
507 2704 562 2742 non
579 2703 613 2741 ex
628 2686 933 2756 AntimachiThebaidc
947 2688 1053 2742 videtur
1071 2692 1226 2761 sumpsisse,

76 2773 149 2842 quod
166 2773 205 2827 ibi
224 2773 339 2826 ducrum
355 2779 458 2827 tantum
477 2788 607 2841 equorum
624 2775 679 2828 5445
696 2774 805 2828 555455
826 2772 911 2826 454555
929 2773 1078 2828 scholiasta
1095 2773 1130 2830 ad
1147 2775 1225 2831 Piud.

78 2861 119 2914 01.
137 2857 176 2911 Vl
194 2861 226 2912 21
244 2859 373 2912 testetur:
391 2854 542 2928 κατεπόθη
561 2858 590 2914 δὲ
607 2851 793 2929 Ἀμφιάραος,
820 2855 847 2912 οἳ
870 2856 923 2925 μὲν
943 2861 1010 2930 περὶ
1027 2850 1173 2929 Ὠρωπόν,
1198 2859 1226 2918 οἳ

79 2945 107 3002 δὲ
130 2947 195 3014 περὶ
214 2939 363 3008 Κλεωνάς·
386 2938 453 3007 τοὺς
477 2943 506 2998 δὲ
527 2940 633 3009 ἵππους
657 2937 746 3000 αὐτοῦ
770 2961 855 3014 φησιν
872 2935 1037 3014 Ἀντίμαχος
1053 2939 1125 3000 εἶναι
1144 2939 1226 3001 οἷσι)-

81 3020 244 3094 στιῖτους,
269 3027 297 3084 οἳ
318 3024 543 3093 tessaracota,
569 3023 701 3097 ὀνόματα
727 3028 757 3084 a
780 3023 875 3083 αὐτῶν
902 3023 979 3092 Θόας
1002 3031 1050 3083 καὶ
1068 3031 1139 3095 Δίας
1163 3031 1225 3099 (cfr.

80 3113 177 3168 Kinbel
195 3113 261 3182 epic.
282 3111 378 3166 Graec.
398 3114 447 3180 frg.
467 3113 480 3165 1
497 3129 524 3180 p.
544 3116 612 3177 285).
658 3112 759 3167 Vocem
782 3107 960 3177 ἄσυστάτους
984 3118 1142 3181 corruptum
1166 3130 1226 3170 esse

81 3199 133 3252 iam
149 3197 303 3252 Meinelrius
322 3197 409 3260 (Anal.
429 3198 506 3251 Alex.
525 3211 552 3263 p.
566 3200 599 3248 54
616 3195 665 3263 fug.
680 3196 764 3262 XIX.)
788 3197 942 3264 suspicatus
961 3199 1011 3252 cst.
1047 3197 1226 3255 Desideratus

81 3285 149 3337 enim
164 3297 260 3336 nomen
278 3282 388 3349 gentile,
406 3281 479 3350 quod
498 3280 635 3334 Thessalis
654 3283 816 3349 opponatur.
853 3279 959 3348 Ungero
977 3275 1149 3353 Ἀσβωτὶους
1165 3292 1225 3340 teu·

84 3368 149 3422 45544
164 3367 207 3420 rix
225 3366 304 3420 fidem
322 3365 434 3419 habebis
452 3366 512 3430 (cir.
532 3366 659 3419 Duebncr
676 3365 829 3419 Antimachi
846 3363 924 3432 frgm.
942 3365 1067 3432 xxm),
1086 3370 1157 3436 quod
1175 3386 1225 3439 pro

85 3451 230 3506 Antimachi
247 3450 355 3504 nominc
373 3451 556 3518 Euphorionis
574 3457 659 3518 ponat
680 3454 788 3519 oportet
807 3454 834 3503 et
851 3449 989 3519 Stephano
1007 3451 1138 3520 Byzantio
1156 3460 1226 3510 teste

86 3539 196 3592 Asbolus
208 3536 273 3589 urbs
286 3539 329 3590 est
340 3535 505 3589 Thessaliae.
533 3535 644 3588 Stollius
661 3536 804 3603 proposuit
816 3528 996 3603 Ἀμυκλαίους
1008 3537 1114 3592 55445445
1128 3537 1225 3592 Statia-

86 3635 133 3676 nae
148 3620 292 3674 Thebaidis
309 3621 372 3674 libri
389 3621 427 3674 IV
445 3638 485 3675 vv.
505 3623 623 3673 214-23
648 3626 675 3672 et
692 3620 753 3673 libri
771 3620 810 3673 Vl
827 3637 851 3673 v.
872 3624 929 3674 329.
966 3621 1020 3674 Sed
1043 3622 1080 3675 ibi
1099 3623 1225 3677 Taenarii

87 3705 144 3775 equi
159 3712 406 3772 commemorantur,
426 3706 522 3773 quibus
534 3704 716 3772 Amphiaraus
728 3704 901 3773 Amyclarum
914 3703 1027 3758 aliarum
1040 3707 1147 3759 urbium
1160 3707 1224 3761 civi·

88 3792 134 3846 hus
155 3790 341 3846 comitantibus
364 3790 481 3855 vehitur,
505 3790 549 3844 hic
567 3789 600 3842 dc
618 3788 738 3843 Castoris
756 3788 907 3856 Amyclaeis
930 3789 1043 3843 habenis
1060 3805 1148 3844 sermo
1167 3796 1223 3861 est=

88 3878 173 3930 neutro
190 3875 272 3943 igitur
289 3875 349 3928 loco
361 3876 568 3943 Amyclaeorum
585 3874 670 3941 ipsius
688 3873 756 3927 vatis
773 3887 903 3940 equorum
921 3874 1019 3927 mentio
1036 3873 1077 3928 fit.
1108 3874 1224 3944 Propius

89 3961 120 4016 ad
135 3959 253 4014 55444545
271 3959 414 4013 lectionem
432 3975 474 4013 me
491 3959 633 4028 applicans
652 3956 789 4010 lenissima
810 3958 959 4012 mutatione
977 3973 1027 4025 pro
1047 3951 1224 4026 decorticans

90 4044 167 4100 scribo
184 4037 390 4115 Ἀσβυσταίους.
426 4042 504 4110 Quod
522 4050 552 4098 ut
569 4041 718 4105 delendam,
737 4040 920 4097 Herodotcum
937 4042 1028 4096 locum
1046 4040 1141 4095 afferre
1158 4047 1224 4100 satis

90 4133 127 4184 est
142 4128 182 4194 (lv
203 4133 274 4195 tuot:
293 4128 493 4200 Γιλιγαμμέων
511 4128 540 4186 δὲ
558 4127 672 4200 ἔχονται
690 4121 724 4183 τὸ
744 4124 818 4199 πρὸς
841 4124 961 4199 ἑσπέρης
978 4120 1118 4199 Ἂσβύται·
1143 4116 1224 4186 οὗτοι

135 4221 246 4264 Pollack.
1002 4219 1017 4265 3
