3076 5020
862 1222 920 1288 111.

552 1369 614 1454 Illi
640 1369 935 1454 HIPPODROMO
965 1370 1240 1456 ollurlloo.
1329 1471 1332 1478 .

403 1577 453 1644 De
475 1575 687 1661 hippodromo
702 1576 893 1660 Olympiaco
915 1598 999 1661 quae
1019 1578 1222 1646 Godoiredus
1237 1567 1467 1650 Hermannns¹l

317 1680 459 1763 speravit
480 1677 548 1745 iore
571 1686 606 1744 nt
626 1679 703 1745 olim
722 1672 873 1761 ‘repetito
895 1699 979 1762 qnae
1000 1680 1042 1748 de
1060 1680 1199 1747 Hercule
1222 1685 1255 1746 et
1269 1681 1377 1762 Angia
1398 1701 1465 1745 nar·

316 1788 405 1846 ratur
426 1780 537 1845 tabula
558 1781 636 1847 limo
658 1788 690 1846 et
711 1799 811 1846 arena
833 1773 1047 1866 liberaretur',
1077 1801 1149 1848 oum
1172 1801 1212 1848 ea
1239 1801 1341 1865 usque
1363 1781 1468 1848 adhuc

316 1903 391 1966 spes
419 1881 594 1948 manserint
619 1901 658 1948 ao
686 1901 728 1948 ne
756 1901 830 1964 spes
858 1883 891 1946 in
919 1891 1084 1949 oeternum
1115 1889 1266 1950 maneant
1293 1883 1468 1949 verendum

317 1986 368 2065 sit,
391 1984 506 2049 iterum
528 1986 708 2068 iterumque
738 2003 925 2050 revocamur
946 1984 989 2051 ad
1012 1986 1193 2051 Pausaniae
1220 1984 1468 2068 descriptionem

318 2086 374 2158 (Vl
396 2088 454 2168 20,
479 2090 517 2152 10
533 2089 625 2169 sqq).
669 2087 707 2151 ln
729 2105 793 2168 qua
814 2087 1009 2168 explicanda
1030 2089 1116 2154 viros
1138 2087 1341 2169 antiquarum
1364 2106 1469 2152 rerum

317 2186 478 2255 studiosos
505 2207 701 2272 quamquam
729 2206 787 2270 per
814 2186 878 2255 dno
899 2187 966 2254 iere
987 2189 1085 2256 semis
1111 2189 1240 2255 saecula
1259 2187 1335 2254 indo
1358 2211 1379 2255 a
1400 2188 1480 2254 Sal·

317 2289 439 2366 masiil)
462 2289 566 2372 primo
581 2290 747 2357 conamine
762 2307 864 2372 usque
880 2287 924 2354 ad
939 2290 1072 2372 Georgii
1086 2289 1284 2356 Lehndorffii
1295 2293 1318 2367 ³)
1332 2292 1469 2358 novissi-

318 2411 406 2457 mum
428 2390 573 2458 nonnihil
595 2392 769 2475 profecisse
791 2411 885 2458 nemo
907 2391 967 2457 ibit
988 2391 1117 2474 infitias,
1139 2397 1247 2458 mmen
1266 2412 1468 2476 nequaquam

317 2494 361 2560 ad
382 2493 479 2560 tinem
493 2495 680 2576 pervenisse
695 2513 763 2558 rem
778 2492 950 2575 diligenter
968 2493 1158 2577 ponderanti
1173 2494 1381 2578 apparebit.⁴)
1418 2496 1469 2560 Illi

318 2596 403 2660 enim
432 2596 621 2677 interpretes
649 2595 695 2659 ita
721 2595 922 2677 potissimum
951 2600 1183 2679 peccaverunt,
1216 2601 1253 2660 nt
1279 2596 1469 2680 Periegetae

318 2697 426 2763 verbis
454 2715 624 2779 perperam
651 2695 824 2763 intellectis
854 2702 886 2762 et
916 2697 1072 2781 suppletis
1105 2698 1365 2780 explanationem
1399 2700 1470 2765 usui

318 2798 391 2882 plus
413 2799 559 2864 minusve
579 2803 809 2881 repugnantem
824 2799 1010 2882 proferrent.
1049 2797 1139 2876 Quae
1155 2799 1236 2866 vitia
1250 2806 1285 2865 nt
1300 2801 1468 2882 evitemus,

317 2899 352 2966 id
366 2900 568 2983 potissimum
584 2899 793 2982 spectandum
805 2907 863 2982 est,
878 2907 914 2965 ut
925 2919 1009 2982 quae
1020 2900 1198 2967 Pausanias
1210 2901 1243 2965 in
1254 2900 1470 2987 descriptione

318 3021 377 3069 sua
398 3001 551 3083 omiserit,
573 3008 660 3069 recte
684 3002 881 3085 expleamus.
926 3001 1043 3068 Omisit
1064 3008 1171 3068 autem
1194 3005 1363 3087 permulta,
1387 3024 1470 3088 quae

317 3104 410 3170 nobis
432 3103 474 3169 ad
497 3104 672 3186 perfectam
695 3102 900 3188 hippodromi
923 3104 1097 3187 imaginem
1111 3103 1308 3187 pingendum
1323 3126 1469 3174 necessa-

406 3289 430 3350 1)
442 3284 484 3338 De
495 3285 672 3356 hippodromo
686 3286 854 3357 olympiaco.
881 3286 992 3356 Lipsiae
1003 3285 1256 3342 MDOGCXXXIX.
1268 3305 1295 3358 p.
1306 3291 1322 3342 9
1335 3287 1396 3358 (Op.
1411 3289 1471 3343 Vll.

318 3385 345 3438 p·
357 3373 430 3589 a}
447 3451 630 3508 Plinianarum
648 3453 870 3510 exercitationum
886 3454 916 3509 in
933 3453 1019 3510 Solini
1036 3455 1209 3525 Polyhistora
1225 3472 1253 3526 p.
1266 3460 1326 3511 915.
1344 3457 1434 3512 Paris.
1447 3473 1469 3510 a.

318 3535 373 3591 MD
404 3535 656 3690 3ffippodromos.
684 3621 794 3693 Einiges
811 3626 879 3679 tiber
896 3624 995 3680 Pierde
1012 3625 1069 3680 und
1087 3623 1201 3679 Rennen
1215 3625 1254 3678 im
1269 3625 1371 3692 grieoh.
1381 3627 1470 3680 Alter·

317 3708 403 3762 thum.
442 3706 533 3760 Berlin
546 3709 621 3763 1876.

404 3797 430 3858 4)
447 3790 601 3860 Leopoldns
626 3790 716 3846 Julius
739 3792 768 3846 in
791 3793 970 3848 Bnumeisteri
993 3793 1175 3848 Monumentis
1201 3797 1266 3848 1885
1284 3809 1306 3849 s.
1325 3811 1349 3849 v.
1368 3795 1470 3866 Hippo-

318 3875 443 3932 dromus:
462 3870 643 3943 ‘Neuerdings
663 3875 716 3931 'hat
731 3877 823 3933 Koner
845 3878 895 3933 ani
912 3877 1067 3946 Grundlage
1091 3877 1139 3932 der
1156 3879 1401 3947 Untersuchnngcn
1424 3882 1470 3935 des

319 3960 423 4017 Grafen
440 3960 589 4015 Lehndorff
604 3959 663 4014 eine
681 3960 833 4016 bedeutsnd
851 3961 1041 4018 ahweichende
1053 3961 1280 4018 Reconstruction
1298 3963 1348 4018 des
1366 3963 1470 4035 Hippo-

319 4045 410 4100 droms
428 4061 462 4099 nu
481 4044 605 4115 Olympia
622 4046 757 4108 versucht‚
775 4046 904 4101 welche
920 4052 1014 4100 trota
1032 4050 1207 4101 manchem
1224 4049 1470 4117 Ansprechcn·

319 4130 391 4184 dem
408 4146 481 4184 num
499 4128 573 4184 Tell
591 4131 826 4198 hegrdndeten
843 4129 1006 4186 chifoln
1023 4124 1233 4200 unterlisgt.'
