3072 5012
499 392 532 444 Δ.
560 390 610 445 ΒΕ
629 391 863 447 cenomanos,
1218 394 1257 452 63

104 570 140 628 et
154 563 310 646 regulam.
347 563 383 630 Si
399 562 640 632 mathematicos
659 572 832 649 praecepta
847 573 1037 650 spectamus,
1060 566 1257 649 simplicissi-

102 686 194 731 mum
218 672 267 731 est
288 673 397 732 oentm
420 668 530 733 circini
551 669 731 750 constituto,
754 669 809 734 ubi
827 676 875 735 est
889 669 983 733 litera
997 668 1055 750 lla,
1077 668 1169 733 radio
1184 667 1257 735 McS

103 787 216 832 arcum
240 768 351 834 circuli
374 767 570 853 describere,
600 771 654 852 qui
677 772 858 837 interiorem
886 771 1027 854 porticus
1047 789 1211 836 versuram
1233 769 1257 834 S

106 875 139 935 et
162 870 273 935 lateris
288 870 318 934 A
333 890 498 936 versuram
514 872 544 937 D
559 879 655 939 secet.
694 873 785 939 Tunc
806 874 847 938 ab
863 873 1009 939 omnibus
1024 891 1116 937 arcus
1132 872 1257 953 punctis

104 970 150 1036 ad
164 971 211 1038 Mu
233 991 326 1054 pares
348 978 421 1038 sunt
442 975 516 1040 viae
537 982 666 1058 propter
687 977 914 1058 aequalitatem
935 975 1106 1040 radiorum.
1151 972 1258 1038 Simili

104 1074 204 1138 modo
223 1074 359 1139 Romani
381 1075 531 1141 videntur
553 1078 777 1160 construxisse,
800 1080 920 1162 quippe
942 1079 997 1160 qui
1019 1082 1168 1158 quattuor
1188 1076 1257 1140 fere

104 1194 218 1240 camus
234 1175 359 1241 mittere
374 1177 523 1243 solerent.
560 1179 656 1263 Apud
672 1180 812 1246 Graecos
828 1200 916 1262 vero,
940 1180 995 1263 qui
1011 1178 1110 1243 multo
1125 1179 1256 1260 maiore,

104 1276 300 1360 decemplici
322 1298 435 1361 saepe,
464 1281 563 1348 missu
586 1282 769 1365 currebant,
799 1281 957 1348 eiusmodi
979 1279 1171 1346 constructio
1193 1298 1258 1343 non

104 1385 211 1451 solum
233 1385 440 1468 permisisset,
464 1391 498 1449 nt
519 1385 627 1450 statim
644 1402 662 1448 e
680 1385 862 1450 carceribus
883 1384 966 1450 alius
988 1383 1136 1465 agonista
1157 1381 1257 1446 alium

104 1495 244 1553 vexaret
266 1487 399 1569 eiusque
420 1505 546 1551 cursum
570 1486 721 1570 turbaret,
744 1505 856 1551 verum
872 1486 969 1550 etiam
984 1484 1161 1567 periculum
1179 1489 1257 1567 erat,

103 1611 148 1661 ne
170 1588 225 1653 filo
248 1589 436 1654 certantium
457 1588 561 1669 magis
583 1589 750 1670 magisque
772 1588 815 1653 ad
836 1589 965 1653 laevam
980 1561 1093 1653 (ersus
1115 1592 1257 1652 coartato

102 1698 163 1756 aut
185 1691 352 1772 agonistae
374 1689 537 1756 sinistrum
559 1710 658 1756 cornu
681 1697 834 1774 tenentes,
860 1690 1046 1772 priusquam
1069 1694 1188 1754 metam
1210 1688 1257 1753 in-

104 1794 260 1858 teriorem
280 1793 483 1873 attingerent,
502 1798 634 1874 praeter
649 1791 731 1858 hanc
746 1799 864 1858 metam
887 1793 921 1856 in
943 1792 1103 1857 sinistram
1125 1810 1257 1855 arenam

104 1902 179 1979 aut,
202 1895 229 1960 si
252 1893 286 1958 hi
307 1895 506 1979 resisterent,
534 1895 567 1959 iu
588 1894 696 1960 medio
718 1894 789 1960 acie
810 1894 907 1976 positi
929 1893 1087 1975 utrimque
1110 1892 1257 1958 cornibus

103 1997 332 2078 superantibus
355 1997 529 2080 compressi
551 2003 635 2063 retro
658 1997 909 2062 extruderentur.
947 1994 1095 2076 Namque
1118 1994 1257 2078 spatium

103 2097 164 2175 FQ
181 2118 242 2164 non
258 2099 353 2164 nimis
368 2099 556 2164 contrahere
571 2099 699 2183 licebat,
722 2099 812 2164 ouius
827 2099 875 2162 rei
891 2116 1021 2163 causam
1036 2116 1133 2180 supra
1147 2099 1190 2179 (p.
1204 2100 1257 2170 55)

103 2202 281 2267 attulimus.
317 2202 356 2265 lu
371 2202 524 2266 Romanis
542 2221 669 2284 quoqne
684 2202 777 2266 circis
793 2199 925 2264 interior
938 2204 1026 2264 meta
1039 2219 1061 2262 a
1075 2198 1256 2264 carceribus

103 2305 208 2369 multo
230 2304 334 2385 magis
355 2303 497 2368 distabat
518 2324 613 2386 qnam
634 2304 773 2368 exterior
794 2303 835 2367 ab
851 2321 928 2368 arcu
943 2300 1020 2366 circi
1035 2300 1070 2366 (l.
1108 2299 1257 2366 Oleoetas

103 2406 165 2471 illa
187 2407 331 2488 pericula
351 2425 390 2471 eo
412 2408 558 2487 removit,
582 2406 668 2488 quod
690 2425 798 2470 arcum
814 2403 869 2469 SD
891 2423 955 2469 non
977 2404 1048 2485 ipse
1070 2403 1256 2484 construxit,

104 2508 165 2573 sed
194 2528 302 2573 arcum
328 2507 390 2573 GH
418 2527 518 2590 prope
545 2514 680 2573 rostrum
709 2508 751 2573 ab
780 2508 859 2590 ipsis
887 2506 1043 2590 agonistis
1070 2503 1141 2568 lieri
1168 2504 1255 2569 feeit.

105 2610 181 2675 Non
203 2610 288 2674 enim
312 2610 417 2676 cuncti
440 2610 534 2675 simul
556 2610 770 2693 mittebantur,
794 2610 851 2675 sed
873 2610 942 2675 bini
964 2608 1117 2688 deinceps
1139 2605 1199 2686 ita,
1223 2611 1258 2670 ut

105 2713 245 2795 primum
266 2719 444 2795 postremus
467 2712 546 2776 ordo
569 2710 600 2775 h.
618 2729 644 2776 e.
669 2713 715 2794 ei,
739 2711 793 2796 qui
816 2711 986 2792 utrobique
1009 2711 1163 2776 stationes
1184 2729 1256 2792 por·

105 2815 186 2881 ticui
207 2815 330 2880 vicinas
353 2813 525 2895 habebant,
549 2819 769 2879 excurrerent:
793 2814 848 2895 qui
870 2813 1063 2895 simulatque
1085 2811 1129 2876 ad
1151 2812 1257 2876 exitus

106 2917 326 3001 proximarum
354 2937 374 2981 a
402 2936 437 2983 se
471 2915 643 2981 stationum
676 2921 913 2997 processerant,
948 2915 1115 2996 agonistae
1143 2915 1176 2977 in
1206 2912 1257 2978 his

105 3020 220 3103 positi,
244 3018 274 3082 h.
292 3038 319 3084 e.
342 3017 501 3083 secundus
524 3016 619 3097 ordo,
642 3016 856 3096 mittebantur,
880 3015 998 3080 deinde
1020 3016 1075 3080 ubi
1098 3014 1257 3081 secundus

108 3121 188 3186 ordo
211 3141 282 3186 oum
305 3122 399 3186 tertio
423 3126 621 3201 exaequatus
644 3124 727 3202 erat,
751 3117 804 3183 hic
825 3136 953 3183 currere
975 3118 1164 3203 incipiebat,
1188 3125 1255 3184 tum

107 3223 261 3306 deinceps
283 3222 398 3288 eadem
419 3223 543 3287 ratione
565 3221 663 3285 ceteri
684 3219 824 3300 ordines,
847 3219 949 3285 donec
972 3237 1082 3285 omnes
1097 3241 1118 3284 a
1131 3223 1256 3303 porticu

107 3326 150 3390 ad
172 3333 309 3390 rostrum
332 3343 476 3389 carceres
495 3322 599 3389 relicti
614 3327 713 3386 erant.
752 3322 819 3397 (132
843 3321 977 3404 πρῶται
997 3321 1057 3402 μὲν
1081 3319 1119 3408 δὴ
1144 3319 1256 3387 ἑκατέ-

108 3429 220 3508 ρωθεν
244 3423 279 3488 αἱ
302 3421 387 3506 πρὸς
409 3427 450 3510 τῇ
474 3426 556 3510 στοᾷ
577 3425 618 3509 τῇ
630 3416 820 3506 Ἀγνάπτου
840 3422 988 3502 χαλῶσιν
1002 3415 1177 3509 ὕσπληγες,
1200 3428 1256 3493 καὶ

109 3522 246 3591 οἱκατὰ
270 3525 392 3602 τούτοις
415 3523 588 3612 ἑστηκότες
616 3522 790 3589 ἐκθέουσιν
818 3522 924 3588 ἵπποι
946 3528 1093 3608 πρῶτοι·
1117 3530 1256 3604 θέοντές

107 3653 143 3692 τε
173 3625 212 3716 δὴ
240 3633 389 3713 γίνονται
416 3624 501 3692 κατά
527 3625 605 3703 τοὺς
634 3623 806 3712 εἰληχότας
838 3623 975 3691 ἑστάναι
1006 3625 1065 3715 τὴν
1099 3628 1255 3712 δευτέραν

107 3722 218 3810 τάξιν,
247 3731 303 3795 καὶ
325 3732 503 3816 τηνικαῦτα
529 3729 676 3810 χαλῶσιν
700 3727 735 3791 αἱ
756 3718 923 3814 ὕσπληγες
944 3727 980 3792 αἱ
1003 3726 1036 3792 ἐν
1054 3732 1095 3816 τῇ
1118 3731 1255 3818 δευτέρᾳ

107 3829 216 3907 τάξει·
250 3829 306 3896 ded
329 3830 465 3896 πάντων
493 3853 530 3894 τε
558 3825 642 3893 κατά
669 3825 727 3892 τάν
751 3821 850 3892 αὐτὸν
873 3829 970 3914 λόγον
993 3836 1167 3914 συμβαίνει
1188 3836 1256 3897 τῶν

108 3931 235 4013 ἵππων,
259 3926 327 3998 ’ἐστ’
362 3923 402 3998 dv
432 3931 643 4010 ἐξισωθῶσιν
672 3923 827 4016 ἀλλήλοις
855 3928 940 3995 κατά
968 3934 1027 4014 τῆς
1055 3931 1193 4017 πρῴρας
1215 3932 1253 4000 τὸ

110 4033 270 4118 ἔμβολον).
307 4037 397 4102 Ηεεσ
420 4043 564 4101 extrema
586 4054 705 4118 eornm,
728 4053 811 4116 quae
831 4035 927 4100 modo
948 4036 1051 4116 attuli,
1074 4037 1255 4105 Pausaniae

109 4139 277 4204 verborum
299 4158 363 4204 non
385 4137 431 4203 sie
455 4137 671 4219 intellegenda
692 4143 779 4218 sunt,
808 4143 843 4201 ut
863 4155 963 4218 prope
985 4144 1120 4204 rostrum
1143 4159 1255 4206 omnes
