3076 5020
453 404 489 458 11.
517 403 568 457 DE
586 403 710 460 LAEVO
729 403 837 461 GYRO.
1179 407 1218 464 51

77 597 208 659 quonam
237 575 299 642 hoo
326 576 499 642 referemus
530 578 591 643 nisi
619 575 661 642 ad
693 576 829 643 eandem
862 578 940 643 artis
968 578 1091 660 legem,
1126 598 1222 661 quam

77 699 167 762 supra
190 679 224 743 in
255 679 346 760 equis
374 679 468 761 pintis
498 679 787 761 percognovimus?
830 677 923 756 Quod
946 684 1053 744 autem
1075 680 1108 744 in
1130 679 1222 762 equis

78 781 148 846 ferri
168 787 288 863 potest,
320 781 397 862 quia
418 778 453 845 hi
475 780 556 846 falso
578 781 679 846 latere
702 779 983 864 quadrupedantes
1005 788 1113 846 tamen
1135 788 1222 848 recto

79 882 182 947 ordine
205 882 351 947 membra
373 883 560 964 glomerant,
583 880 617 945 id
640 881 674 946 in
695 881 878 948 hominibus
894 901 932 948 eo
950 883 1054 964 magis
1077 881 1220 964 offendit,

79 985 149 1067 quia
169 983 202 1047 hi
225 983 369 1048 membra
390 984 486 1065 plane
508 1002 661 1064 perverse
683 991 813 1049 movent
836 991 867 1049 et
889 983 966 1065 quia
980 981 1102 1048 homini
1121 981 1222 1048 homi·

78 1086 124 1151 nis
150 1086 219 1150 loco
249 1104 320 1150 sese
349 1086 455 1149 animo
482 1102 601 1166 ponere
631 1085 731 1151 multo
759 1086 932 1167 proclivius
962 1091 1011 1150 est
1033 1104 1128 1167 quam
1151 1085 1223 1150 loco

80 1185 298 1269 quadrupedia.

157 1286 247 1363 Quae
269 1307 320 1352 res
344 1288 491 1369 quamvis
513 1285 672 1351 leviculae
694 1289 819 1370 possint
842 1289 945 1371 primo
974 1287 1085 1353 obtutu
1107 1287 1222 1371 videri,

81 1387 136 1454 hoc
155 1397 256 1472 certe,
287 1387 372 1470 quod
394 1389 525 1470 gravIus
548 1396 612 1468 est,
641 1406 683 1452 ex
705 1390 752 1455 eis
775 1388 923 1475 efficitur,
953 1399 988 1455 ut
1010 1391 1043 1454 in
1065 1388 1099 1455 id
1121 1409 1223 1472 genus

82 1490 249 1555 simulacris
271 1510 324 1556 ars
346 1497 493 1554 naturam
517 1491 639 1556 vicerit.

82 1672 146 1728 Mus.
160 1675 236 1742 (ἆτος.
249 1675 302 1728 vol.
316 1673 351 1726 II.
370 1673 425 1726 tab.
439 1671 564 1726 LXVIII.
577 1671 676 1725 LXIX.
695 1672 781 1726 LXX.
800 1672 886 1740 XXX,
905 1673 954 1727 Ἡ).
973 1671 1085 1738 XXXV,
1106 1677 1157 1735 12,
1177 1673 1223 1726 ubi

83 1766 199 1827 exparte
216 1765 290 1812 recte
309 1762 431 1812 currunt.
