3076 5020
294 384 336 444 32
581 385 615 442 D.
641 385 693 440 DE
710 385 949 442 HIPPODROMO
967 387 1161 444 STATIANO.

295 560 444 643 geminae
458 565 570 642 turres,
586 579 669 643 qnae
684 561 718 625 in
733 561 826 627 circis
838 561 991 628 Romanis
1006 595 1048 606 —
1062 560 1103 628 de
1114 561 1247 629 Graecis
1262 563 1453 629 testimonia

295 661 411 726 desunt
439 695 481 706 —
510 663 636 744 utrique
666 681 828 729 carcerum
856 662 913 729 fini
942 664 1113 747 impositae
1141 670 1239 729 erant
1291 665 1452 731 Diversus

296 761 381 828 enim
403 782 455 830 res
476 765 695 846 prominentes
717 763 856 832 aStatio
878 764 941 832 hoc
962 765 1120 832 vocabulo
1143 764 1317 848 significari
1339 773 1451 833 osten-

295 867 409 931 derunt
430 867 579 931 Amarins
601 872 634 932 et
655 865 833 933 Lemairius
860 867 902 932 in.
922 866 1063 934 editione
1091 887 1151 934 sua
1171 867 1215 933 ad
1235 868 1339 934 1377.
1386 869 1452 934 Ae-

295 967 391 1050 cedit,
414 968 502 1051 quod
519 968 588 1034 veri
610 987 755 1034 carceres
776 969 922 1052 postibus
937 970 1152 1034 Romanorum
1174 988 1263 1036 more
1284 971 1452 1052 praeclusi

294 1076 582 1137 commemorantur
603 1091 634 1136 v.
651 1071 728 1135 392:

703 1195 788 1254 stant
810 1208 872 1254 nno
895 1189 1040 1272 margine
1063 1189 1165 1255 clausi

294 1315 327 1375 et
348 1307 529 1374 evidentius
553 1328 605 1374 vv.
622 1309 683 1374 389
696 1327 758 1390 eq.:

702 1427 832 1509 impulsi
853 1433 1017 1510 nequeunt
1038 1427 1194 1494 obsistere
1215 1434 1324 1510 postes

401 1527 622 1611 claustraque,
646 1547 848 1610 compressae
870 1530 1060 1594 transfumat
1081 1528 1240 1595 anhelitus
1262 1530 1338 1596 irae.

293 1647 366 1714 Hoc
388 1666 516 1731 quoque
538 1666 580 1712 ex
598 1647 813 1714 Romanorum
836 1648 1066 1714 consuetudine
1087 1646 1196 1713 fictum
1217 1655 1266 1714 est
1287 1649 1449 1731 imagines

292 1770 413 1835 pompa
427 1756 502 1817 ante
517 1755 679 1815 certamen
699 1770 758 1834 per
779 1752 898 1816 circum
921 1750 1039 1817 deduci
1060 1752 1125 1827 (vv.
1142 1753 1204 1814 265
1220 1768 1289 1833 sqq.
1312 1751 1368 1816 cir.
1386 1748 1447 1817 Ov.

294 1875 357 1918 am.
381 1854 427 1918 111
450 1856 479 1935 2,
503 1856 544 1916 44
556 1855 647 1935 sqq).
692 1853 743 1918 Ab
766 1852 832 1938 his,
856 1872 935 1936 quas
958 1852 1065 1919 adhuc
1087 1853 1190 1935 attuli,
1213 1852 1308 1917 rebus
1329 1853 1448 1917 mirum

294 1961 446 2038 quantum
471 1953 632 2037 discrepat
654 1960 810 2021 metarum
833 1954 1006 2038 descriptio
1029 1975 1082 2020 vv.
1099 1956 1262 2018 351-54:

401 2074 557 2139 Metarum
579 2074 681 2140 instar
703 2080 772 2139 erat
793 2073 868 2140 hino
888 2073 975 2140 nudo
998 2073 1113 2140 robore
1136 2091 1281 2156 quercus,

401 2174 486 2242 Olim
509 2195 619 2242 omnes
642 2182 741 2241 exuta
762 2195 880 2257 comas,
904 2175 979 2242 hinc
1001 2195 1118 2242 saxeus
1140 2175 1237 2241 umbo

401 2277 530 2342 Arbiter
551 2277 719 2360 agricolis:
744 2275 840 2343 finem
863 2276 948 2342 iacet
968 2278 1051 2344 inter
1071 2285 1248 2360 utrumque,

401 2378 504 2457 Quale
527 2385 640 2462 quater
661 2379 767 2445 iaculo
790 2379 939 2462 spatium,
961 2384 1011 2444 ter
1032 2377 1210 2446 harundine
1232 2379 1353 2444 vincas.

293 2499 368 2564 Non
390 2499 474 2581 dico,
497 2498 584 2580 qnod
607 2498 688 2564 duas
710 2506 812 2564 metas
834 2498 995 2580 posuit-
1012 2517 1088 2562 nam
1111 2496 1172 2564 hoc
1194 2519 1266 2564 cum
1281 2497 1398 2563 Nonno
1415 2501 1446 2560 et

294 2599 413 2678 Quinto
429 2605 462 2664 et
475 2619 552 2665 snae
569 2601 697 2665 omnino
717 2602 833 2665 aetatis
849 2619 907 2665 usu
923 2619 1091 2666 commune
1106 2601 1137 2666 ei
1153 2605 1202 2666 est
1216 2633 1258 2645 —-
1273 2599 1330 2666 sed
1346 2597 1444 2682 qnod,

295 2703 350 2785 qui
376 2700 587 2783 hippodromo
618 2701 811 2768 exstruendo
840 2708 943 2767 artem
964 2701 1170 2785 adhiberent,
1199 2721 1254 2768 eos
1279 2722 1319 2769 ne
1342 2707 1444 2768 metas

294 2804 425 2887 quidem
442 2801 631 2868 artificiosas
654 2801 799 2869 effecisse
814 2823 873 2868 nos
888 2805 958 2869 vult
972 2803 1112 2870 eredere.
1150 2804 1259 2871 Paene
1274 2804 1444 2870 ridiculum

295 2912 353 2988 est,
376 2926 448 2971 cum
469 2905 614 2986 alioquin
636 2904 677 2969 de
700 2924 828 2988 aggere,
852 2905 893 2971 de
916 2906 1107 2990 carceribus,
1130 2906 1171 2972 de
1191 2907 1329 2972 turribus
1344 2907 1444 2974 verba

293 3009 408 3090 iaciat,
439 3027 502 3072 uno
525 3026 597 3072 eum
621 3006 764 3072 anhelitu
786 3007 868 3073 viles
891 3009 964 3074 illas
987 3014 1084 3091 atque
1106 3009 1252 3076 exoletas
1275 3015 1377 3074 metas
1398 3009 1443 3072 in-

294 3109 421 3174 ducere.
458 3106 580 3174 Vereor
601 3127 642 3174 ne
658 3107 790 3174 Homeri
812 3109 1040 3192 intempestiva
1061 3110 1198 3177 imitatio
1221 3113 1270 3189 (Ψ
1286 3111 1442 3186 326-33)

294 3210 388 3276 ludos
417 3211 447 3276 ei
474 3211 595 3276 fecerit.
641 3209 753 3276 Utrum
782 3228 917 3293 querens
945 3232 987 3276 an
1016 3213 1100 3294 lapis
1129 3213 1260 3279 interior
1285 3221 1373 3280 meta
1394 3215 1442 3292 sit,

293 3318 404 3396 aperte
425 3331 582 3394 nusquam
604 3311 724 3378 dictum
746 3320 809 3377 est:
832 3313 950 3378 etenim
966 3334 996 3378 v.
1012 3318 1074 3378 479
1097 3324 1362 3382 commemoratur
1376 3322 1442 3381 tan·

294 3421 361 3479 tum
383 3415 451 3480 sine
474 3415 542 3478 ulla
563 3415 630 3480 alia
646 3413 890 3496 significatione.
928 3414 1087 3493 Quoniam
1102 3423 1210 3482 autem
1225 3437 1254 3482 v.
1272 3420 1330 3482 351
1349 3419 1444 3482 arbor

294 3517 401 3599 priore
421 3517 493 3581 loco
516 3514 657 3598 affertur,
681 3515 765 3581 hanc
779 3536 801 3581 a
823 3518 1005 3584 carceribus
1027 3519 1061 3584 in
1083 3537 1215 3584 arenam
1237 3518 1441 3602 prospicienti

294 3619 432 3702 priorem
454 3618 552 3684 fuisse
575 3616 722 3682 arbitror.
760 3616 827 3682 Sed
849 3617 912 3684 hoc
925 3619 1109 3686 leviculum.
1147 3620 1194 3685 Eo
1211 3640 1338 3703 quoque
1353 3627 1441 3686 natu·

293 3723 394 3786 ralem
417 3726 448 3787 et
470 3721 563 3803 quasi
585 3720 748 3785 fortuitam
770 3720 910 3802 speciem
934 3720 1137 3804 hippodromi
1160 3741 1290 3788 servare
1312 3720 1440 3800 studuit,

294 3824 381 3906 quod
403 3828 509 3888 metae
531 3843 594 3887 non
617 3823 699 3887 inter
721 3841 755 3887 se
778 3821 966 3888 coniunctae
989 3830 1062 3890 sunt
1084 3824 1186 3906 spina.
1226 3823 1338 3889 Potest
1359 3830 1440 3890 certe

293 3927 327 3991 in
348 3932 438 3991 tanta
459 3944 606 3991 curruum
626 3924 789 4006 paucitate
811 3926 906 4007 spina
927 3925 1040 4006 omitti,
1063 3925 1121 3990 sed
1144 3945 1216 3990 cum
1238 3925 1329 3989 illum
1347 3944 1439 4008 agge·

293 4047 360 4093 rem
381 4034 451 4093 arte
473 4032 669 4093 exstructum
683 4027 835 4108 posuerit,
859 4026 936 4109 quid
953 4027 1110 4109 obstabat,
1134 4027 1303 4109 quominus
1318 4029 1440 4110 spinam

294 4148 421 4212 quoque
435 4128 593 4212 poneret?
624 4127 674 4193 Ne
689 4127 724 4192 id
740 4127 870 4210 quidem
885 4136 1034 4194 accurate
1049 4129 1273 4212 comperimus,
1297 4130 1439 4212 quotiens
