3076 5020
321 389 351 445 G.
379 389 428 444 Du
446 389 572 459 QUINTI
590 390 781 444 SMYRNAEI
798 391 1047 447 HIPPODROMO.
1215 393 1253 452 27

104 582 142 629 ro
165 565 293 646 saepius
316 583 415 647 equos
437 565 610 646 circumagi
633 564 888 630 concludendum
907 572 963 632 est.
1001 567 1099 649 Atqui
1115 567 1170 632 ubi
1185 588 1254 634 sae·
1355 563 1359 571 ’

104 667 180 748 pius
208 686 304 748 quam
337 667 437 731 semel
465 666 706 750 circumagitur,
739 667 785 731 ibi
813 666 938 733 duabus
966 670 1060 734 metis
1089 688 1169 750 opus
1198 677 1255 735 est.

104 767 194 832 Num
216 768 313 850 etiam
335 767 479 833 curribus
501 774 658 834 certantes
680 769 788 851 plures
804 769 953 834 circuitus
969 772 1172 854 confecerint,
1196 773 1256 837 etsi

104 874 238 951 propter
259 889 408 950 magnam
429 876 502 952 post
523 891 554 934 v.
577 873 640 933 524
668 871 817 936 lacunam
840 891 880 936 ex
903 872 982 954 ipsis
1010 878 1127 954 poetae
1149 873 1257 939 verbis

106 971 173 1035 iam
195 971 269 1036 elici
291 989 354 1035 uon
375 977 490 1053 potest,
513 977 620 1036 tamen
634 991 692 1054 pro
709 979 795 1037 certo
810 978 882 1055 stat,
906 974 982 1055 quia
996 975 1058 1039 nisi
1074 975 1120 1039 ita
1134 975 1256 1058 fuisset,

106 1073 274 1137 certamini
303 1074 396 1137 alteri
423 1073 523 1138 altero
546 1073 702 1137 curriculo
725 1092 805 1156 opus
827 1074 940 1140 fuisset
962 1076 1028 1152 (cir.
1045 1097 1075 1158 p.
1093 1078 1140 1156 9),
1170 1075 1257 1158 quod

104 1174 252 1256 alioquin
280 1174 457 1240 inauditnm
484 1180 540 1239 est.
584 1174 783 1240 Aduerbium
812 1172 957 1258 ἑτέρωθι
985 1179 1017 1242 in
1047 1199 1077 1242 v.
1102 1181 1164 1242 545
1192 1198 1256 1243 non

106 1276 244 1340 alterum
259 1274 515 1358 hippodromum,
538 1276 596 1342 sed
612 1277 746 1341 alterum
763 1277 906 1343 eiusdem
921 1299 1039 1345 arenae
1054 1281 1137 1344 latus
1160 1281 1257 1362 sigui-

106 1375 183 1442 ficat
206 1378 271 1454 (cfr.
287 1399 318 1442 v.
335 1379 418 1457 215).
459 1376 538 1444 (ium
562 1380 646 1443 enim
668 1379 799 1461 aurigae
821 1380 855 1444 in
878 1381 1005 1446 sinistra
1027 1401 1143 1447 arenae
1165 1389 1256 1465 parte

106 1479 351 1563 decertaverint,
375 1481 439 1544 iam
463 1481 587 1562 equites
610 1481 643 1545 in
666 1481 780 1547 dextra
802 1482 845 1546 ad
867 1502 993 1547 cursum
1016 1504 1051 1549 se
1074 1485 1255 1566 accingunt.

106 1581 247 1646 Proinde
270 1583 303 1647 in
326 1583 534 1648 contractiore
550 1581 773 1667 hippodromo,
798 1584 852 1668 qui
875 1585 976 1650 oeulis
998 1586 1162 1650 terminari
1183 1606 1256 1668 pos-

107 1683 160 1767 sit,
183 1683 238 1748 ille
262 1679 389 1758 σκοπὸς
412 1684 492 1764 dest,
516 1685 570 1766 qui
594 1692 626 1749 et
646 1685 733 1768 apud
756 1686 931 1752 Homerum
952 1692 985 1751 et
1006 1686 1093 1768 apud
1108 1687 1256 1752 Nounum

107 1788 152 1866 (p.
171 1788 221 1863 19)
243 1786 286 1850 ad
302 1792 419 1851 metam
443 1788 634 1852 exteriorem
657 1788 900 1853 custodiendam
917 1789 1093 1870 delegatur.
1132 1787 1257 1855 Omitti-

106 1893 160 1950 tur
182 1887 292 1968 etiam,
322 1895 357 1953 ut
379 1888 414 1953 id
436 1907 563 1971 quoque
585 1889 627 1954 ab
651 1889 790 1955 Homero
819 1897 851 1956 et
872 1891 987 1956 Nouno
1018 1890 1180 1956 dissonum
1205 1888 1258 1956 hic

107 2006 272 2072 moneam,
301 1990 356 2071 qui
378 1990 433 2054 uni
456 2009 474 2055 e
497 1990 691 2056 certantibus
714 1990 754 2056 de
779 1991 949 2072 aurigandi
972 1999 1040 2056 arte
1062 1993 1257 2074 praecipiat:

109 2089 171 2154 hoo
193 2090 361 2171 quominus
383 2093 517 2157 lacunae
535 2092 658 2176 demus,
681 2091 888 2174 prohibemur
910 2094 1055 2158 versibus
1079 2094 1109 2157 ei
1131 2100 1258 2159 autece-

108 2190 257 2258 dentibus
275 2192 340 2269 (vr.
353 2196 500 2280 506-9),
517 2195 632 2277 quibus
650 2195 715 2260 iam
728 2194 921 2277 principium
936 2214 1045 2260 cursus
1057 2195 1257 2260 describitur.

194 2290 260 2358 Sed
274 2314 358 2360 nuuc
373 2296 550 2378 videamus,
572 2296 688 2379 ecquid
705 2315 746 2360 ex
760 2297 905 2378 reliquiis
921 2296 1072 2378 colligere
1088 2297 1258 2378 possimus,

108 2413 173 2476 quo
196 2395 253 2460 illa
274 2397 390 2462 lacuna
412 2399 589 2480 expleatur.
634 2397 725 2464 Haec
745 2398 813 2462 fere
835 2399 867 2461 iu
891 2417 931 2463 ea
953 2399 1072 2480 scripta
1093 2398 1191 2463 fuisse
1209 2418 1258 2462 ar-

109 2496 218 2560 bitror.
263 2497 412 2581 Magnam
435 2502 504 2566 eius
525 2505 650 2582 partem
673 2501 861 2582 expleverat
884 2500 1088 2565 infortunium
1104 2500 1259 2565 Thoantis

108 2603 143 2663 et
157 2598 323 2684 Eurypyli,
347 2602 402 2683 qui
417 2621 470 2667 vv.
487 2604 633 2666 538-40
648 2602 766 2666 medici
786 2601 942 2667 Podalirii
965 2621 1060 2667 curae
1082 2602 1258 2666 traduntur.

108 2700 136 2764 Ε
160 2701 303 2768 curribus
327 2703 411 2766 euim
434 2701 629 2769 deiectorum
653 2723 709 2768 ora
731 2705 820 2768 laesa
842 2709 932 2767 erant
955 2709 996 2778 (v.
1014 2705 1097 2781 540).
1136 2702 1258 2781 Quare

108 2803 195 2869 faeta
210 2803 373 2869 Menelaus
388 2809 555 2886 utrumque
570 2805 857 2887 praeoccupavisse
872 2803 1032 2886 putandus
1048 2813 1105 2871 est.
1143 2805 1259 2870 Eume-

109 2905 176 2969 lum
199 2923 325 2988 quoque
347 2906 454 2988 initio,
485 2907 573 2970 utin
595 2906 699 2971 Iliade
725 2907 759 2966 Ψ
779 2908 857 2989 376,
881 2906 995 2970 ceteris
1017 2908 1259 2988 praevolantem

108 3012 152 3080 (v.
176 3009 249 3084 522)
278 3008 458 3090 superavit,
493 3009 568 3090 quia
597 3008 698 3072 vincit
725 3009 767 3084 (v.
792 3008 877 3082 541).
922 3007 992 3073 Hae
1020 3009 1156 3073 victoria
1184 3011 1259 3092 equi

108 3109 179 3174 eius
202 3115 416 3191 spectatorum
437 3111 546 3175 oeulos
569 3109 602 3173 in
624 3128 659 3174 se
682 3115 879 3191 convertunt,
903 3114 935 3173 et
956 3129 1037 3175 unus
1060 3129 1101 3175 ex
1124 3112 1170 3176 eis
1186 3113 1259 3177 illos

109 3229 282 3292 eorumque
310 3230 527 3293 possessorem
555 3211 705 3277 laudibus
735 3211 860 3275 extollit
889 3211 931 3285 (v.
960 3213 1042 3288 533).
1092 3212 1259 3278 Eiusmodi

109 3312 326 3378 laudationem
354 3313 474 3395 optime
501 3313 646 3395 Nestori,
680 3312 803 3378 homiui
832 3330 977 3377 sermone
1010 3316 1258 3399 promptissimo,

108 3414 281 3480 convenire
303 3415 399 3480 facile
420 3416 640 3497 uuusquisque
661 3414 825 3496 concedet,
849 3432 920 3478 cum
942 3417 1131 3496 praesertim
1154 3417 1181 3482 is
1201 3437 1259 3500 pro

109 3522 216 3582 aetate
238 3536 296 3581 sua
318 3523 350 3581 et
371 3517 485 3582 notitia
513 3517 697 3599 aptissimus
719 3517 776 3598 sit,
805 3516 861 3596 qui
883 3514 924 3579 de
953 3535 1108 3598 equorum
1136 3520 1260 3600 origiue

109 3617 234 3700 aliquid
250 3623 368 3683 narret:
392 3617 432 3684 de
448 3618 499 3685 his
521 3620 606 3683 enim
621 3637 801 3684 sermonem
816 3617 915 3681 fuisse
937 3625 1081 3683 extrema
1104 3620 1258 3703 oratione,

110 3739 194 3803 quae
209 3725 337 3785 servata
351 3726 401 3785 est
415 3725 479 3795 (vv.
496 3723 557 3784 526
572 3722 664 3804 sqq),
687 3720 828 3785 docetur.
867 3716 935 3784 Orti
959 3737 1030 3783 esse
1052 3721 1259 3786 existimandi

110 3821 245 3887 suntab
268 3821 315 3886 eis
338 3823 445 3905 equis,
469 3843 548 3905 quos
571 3822 705 3905 Pelops,
734 3841 813 3887 avus
836 3819 1037 3901 Atridarum,
1066 3841 1087 3884 a
1109 3820 1259 3902 Neptuno

110 3921 195 3987 dono
211 3927 360 4004 acceptos
376 3920 538 3990 Oenomao
555 3931 704 4006 superato
721 3941 762 3988 ex
777 3922 871 3986 Elide
886 3939 994 3986 secum
1010 3920 1102 3986 duxit
1117 3926 1160 3998 (v.
1173 3927 1258 4008 526),

110 4025 172 4089 nisi
194 4025 275 4088 forte
298 4024 395 4088 iidem
419 4033 500 4090 suut.
543 4024 680 4091 Achillis
704 4031 789 4090 certe
811 4023 886 4106 equi
908 4021 1092 4103 aNeptuuo
1113 4043 1172 4106 per
1193 4048 1259 4092 ma·

109 4144 169 4191 nus
185 4125 276 4190 Pelei
297 4132 329 4190 et
342 4125 480 4191 Achillis
503 4126 535 4191 iu
550 4126 755 4209 Neoptolemi
778 4125 956 4191 hereditate
978 4123 1087 4190 traditi
1109 4127 1143 4190 iu
1165 4131 1258 4195 tertio
