3076 5020
289 336 328 394 12
568 339 599 392 A.
628 339 679 394 DE
696 338 935 395 HIPPODROMO
953 339 1153 398 HOhffllilGO.

372 511 475 578 Multa
488 511 547 578 sed
569 513 649 578 mira
670 530 787 594 magna
808 519 955 597 exparte
976 512 1018 579 de
1039 512 1250 599 hippodromo
1263 511 1435 588 Homerico

288 611 465 697 disputavit
493 613 701 682 Delabarrius
714 613 751 700 ¹):
778 615 858 682 nihil
887 635 963 682 vero
992 617 1058 684 fere
1086 615 1196 682 mirius
1224 635 1321 698 quam
1349 611 1437 697 quod

287 734 387 800 prope
408 721 528 782 metam
549 736 613 782 non
634 715 796 784 Homerici
818 718 931 802 solum,
954 736 1062 784 verum
1086 717 1226 785 omnium
1241 715 1437 782 Graecorum

287 815 569 902 hippodromorum
597 819 701 884 locum
729 819 961 905 depressiorem
983 841 1041 905 pro
1069 819 1296 904 impedimento
1326 817 1366 884 de
1388 817 1436 884 in-

289 919 410 985 dustria
424 920 508 986 lacto
524 919 622 986 fuisse
637 919 723 987 dicit.
762 921 907 1004 Longum
929 928 978 987 cst
992 942 1103 989 omnes
1124 921 1193 988 cius
1207 919 1438 987 hariolationes

288 1020 450 1089 refellere:
473 1019 536 1088 hoc
556 1027 673 1106 autem,
697 1021 782 1104 qnod
805 1043 846 1090 ex
869 1031 936 1092 tota
958 1023 1118 1107 farragine
1139 1022 1298 1107 prompsi,
1320 1021 1439 1088 leviter

289 1128 430 1208 tangam.
475 1124 548 1190 Duo
571 1123 655 1190 enim
677 1124 823 1206 neglexit
843 1125 894 1191 vir
914 1124 1039 1192 doctus:
1070 1125 1174 1191 locum
1195 1124 1286 1190 illum
1307 1122 1436 1208 depres

288 1225 405 1292 sionem
427 1244 531 1309 neque
553 1224 595 1293 de
616 1225 787 1307 industria,
813 1225 870 1294 sed
892 1233 1007 1294 natura
1033 1226 1294 1311 impedimentum
1316 1225 1440 1291 factum

286 1327 370 1394 forte
391 1327 436 1392 ihi
458 1346 563 1409 neque
584 1349 685 1413 prope
705 1335 841 1412 metam,
870 1328 928 1396 sed
955 1349 1055 1414 prope
1077 1329 1197 1396 calcem
1220 1327 1317 1395 totius
1339 1325 1436 1393 curri-

287 1429 352 1495 culi
380 1429 475 1496 situm
498 1448 585 1514 esse,
614 1450 687 1496 nam
717 1449 927 1513 quaecunque
948 1452 969 1497 a
990 1451 1083 1497 versu
1106 1434 1167 1497 373
1190 1437 1373 1511 narrantur,
1403 1430 1438 1494 in

287 1530 349 1598 fine
372 1551 482 1598 cursus
504 1531 662 1598 eveniunt.
700 1532 800 1599 Immo
822 1551 874 1599 res
895 1533 942 1599 itu
963 1533 1070 1600 animo
1093 1530 1265 1615 cogitanda
1287 1538 1345 1598 est.
1379 1531 1439 1598 Se-

287 1631 425 1702 cundum
453 1633 615 1699 sinistrum
643 1634 820 1720 marginem
848 1634 945 1702 totius
973 1634 1175 1720 hipprodomi
1203 1654 1285 1700 unus
1307 1654 1349 1700 ex
1371 1633 1439 1698 illis

288 1736 481 1802 torrentibus
501 1734 580 1819 fluit,
604 1737 715 1818 quales
736 1737 769 1803 in
791 1736 856 1803 illis
877 1738 1061 1821 regionibus
1079 1743 1208 1821 repente
1223 1736 1285 1802 orti
1306 1742 1439 1821 repente

287 1837 405 1921 dilapsi
433 1837 525 1904 multi
555 1837 683 1904 obviam
704 1838 793 1906 fiunt.
837 1839 899 1907 Hic
926 1848 1065 1923 torrens,
1094 1838 1149 1921 qui
1178 1839 1306 1906 disertis
1329 1838 1439 1904 verbis

287 1940 411 2006 scilicet
432 1945 562 2024 propter
576 1941 778 2008 crebritatem
794 1943 841 2010 rei
854 1961 918 2008 non
938 1946 1213 2024 commemoratur,
1235 1941 1338 2026 primo
1360 1959 1440 2007 vere

288 2046 510 2109 extumescens
538 2042 595 2108 illo
624 2043 695 2110 loco
723 2043 824 2129 ripam
854 2044 968 2112 avellit
996 2045 1124 2127 lateque
1152 2043 1339 2126 excavavit,
1373 2063 1438 2127 quo

288 2141 420 2232 ῥωγμὸς
443 2143 512 2224 (clr.
535 2144 634 2212 schol.
656 2146 735 2212 Ven.
757 2147 787 2212 A
809 2167 840 2214 v.
863 2144 1206 2232 410)11νοὲκρηγμα,
1229 2143 1315 2227 quod
1338 2143 1436 2210 Grae-

288 2247 352 2314 culi
378 2253 496 2314 vocant
522 2242 650 2333 (Polyb.
673 2247 737 2314 XII
762 2254 810 2332 17,
834 2256 862 2317 5.
893 2253 945 2333 20,
967 2249 1012 2332 4),
1034 2255 1138 2315 ortum
1161 2253 1209 2316 cst
1230 2246 1274 2330 (v.
1298 2250 1439 2328 420sq.:

288 2346 419 2435 ῥωχμὸς
448 2347 503 2437 ἔην
524 2352 634 2436 γαίης,
662 2341 686 2436 ᾗ
711 2355 879 2434 χειμέριον
908 2344 985 2417 ἀλὲν
1007 2342 1095 2434 ὕδωρ
1115 2352 1120 2434 Ι
1141 2347 1309 2437 ἐξέρρηξεν
1331 2343 1438 2427 ὁδοῖο,
1532 2433 1533 2440 ἵ

287 2453 416 2535 podius
444 2448 480 2515 δὲ
506 2452 615 2536 χῶρον
643 2449 801 2536 ἅπαντα).
845 2453 948 2532 Quam
978 2454 1219 2520 excavationem
1247 2452 1280 2517 in
1309 2452 1438 2517 laevam
1532 2441 1533 2499 l

289 2553 491 2639 hippodromi
524 2573 654 2621 arenam
690 2555 920 2640 prominentem
957 2555 1089 2636 eiusque
1122 2554 1208 2621 viam
1236 2559 1440 2621 coartantem

289 2655 333 2736 (v.
356 2659 434 2721 416:
468 2659 645 2742 στεινωπῷ
675 2655 709 2722 ἐν
742 2651 822 2742 ὁδῷ.
872 2678 902 2724 v.
934 2660 1010 2723 419:
1043 2669 1170 2734 στεῖνος
1203 2650 1284 2721 ὁδοῦ
1315 2655 1438 2743 κωλῆς.
1530 2683 1531 2709 1

289 2778 319 2825 v.
343 2761 420 2823 427:
452 2756 640 2836 στεινωπὸς
671 2757 734 2844 γὰρ
767 2755 873 2843 ὁδός),
907 2758 962 2842 qui
989 2779 1052 2825 non
1080 2757 1262 2824 circuitione
1291 2777 1367 2824 usus
1394 2756 1439 2822 ad

289 2861 417 2927 laevam
439 2860 493 2926 via
515 2861 670 2929 excedere
692 2864 770 2946 vult,
791 2881 895 2947 paene
914 2868 985 2927 rota
1006 2869 1137 2945 tangere
1159 2861 1264 2928 dehet.
1302 2859 1340 2925 ld
1361 2859 1440 2925 lecit
1528 2911 1529 2918 ,

288 2962 453 3029 Menelaus
476 2960 520 3048 (v.
536 2968 613 3029 422:
636 2967 677 3052 τῇ
700 2956 732 3051 ῥ’
759 2959 842 3046 εἶχεν
864 2964 1053 3047 Μενέλαος)
1076 2962 1237 3030 Antilochi
1259 2961 1439 3044 commodo,
1527 2991 1528 3023 1

289 3064 343 3145 qui
366 3083 439 3132 eum
460 3066 625 3150 proximus
646 3067 797 3150 seqnitur.
835 3067 896 3134 llic
911 3068 1006 3152 enim,
1028 3066 1175 3134 dumille
1196 3065 1238 3132 ad
1262 3063 1438 3148 marginem

289 3186 401 3234 versus
422 3187 580 3235 cavernae
602 3190 727 3236 currum
749 3171 845 3252 regit,
875 3188 975 3252 equos
997 3189 1071 3237 suos
1097 3168 1139 3233 ad
1163 3166 1347 3234 celeriorem
1369 3185 1438 3231 cur-

288 3286 359 3335 sum
382 3268 567 3335 exhortatur
588 3276 686 3354 atque
701 3272 838 3338 concitat
853 3271 896 3356 (v.
913 3271 1086 3354 con-16),
1109 3290 1207 3353 quare
1221 3268 1251 3336 ei
1273 3266 1438 3350 contingit,
1524 3331 1525 3337 ,

289 3377 324 3436 ut
351 3372 494 3456 paullum
522 3371 566 3437 ad
593 3373 720 3440 laevam
746 3371 788 3440 de
810 3374 863 3440 via
884 3373 1015 3440 flectens
1037 3369 1233 3456 (1423111.)
1257 3371 1438 3437 Menelaum

289 3495 310 3540 a
331 3475 426 3541 laeva
447 3480 685 3558 praetervectus
707 3476 740 3541 in
761 3476 918 3559 angustiis
947 3474 1156 3558 assequendis
1178 3477 1391 3558 praeoccupet
1400 3469 1437 3552 2).

376 3681 401 3743 l)
418 3674 561 3731 Memoires
578 3674 612 3729 ds
628 3675 797 3744 litterature,
819 3676 885 3730 tircz
904 3677 951 3731 das
969 3675 1095 3744 registres
1120 3675 1153 3730 de
1169 3671 1328 3729 l’academic
1345 3675 1438 3743 royale
1520 3715 1521 3757 ,

290 3762 336 3816 des
358 3759 533 3829 inscriptions
560 3765 588 3814 et
614 3760 697 3816 belles
719 3761 812 3816 lettres
838 3761 934 3831 depuis
957 3759 1064 3814 l'annee
1086 3758 1288 3815 M.DCGXXXl
1309 3759 1437 3828 jusqu’en

289 3844 396 3902 runnu
413 3845 644 3900 uoccxxxru
660 3862 688 3915 p.
708 3849 820 3915 eeosqq.
855 3846 983 3912 <ursone
1004 3844 1037 3899 ue
1053 3844 1149 3899 runc.
1168 3860 1224 3913 roy.
1243 3844 1291 3899 ces
1308 3845 1391 3900 inser.
1410 3851 1437 3898 et
1519 3817 1520 3859 l

290 3932 353 3988 seu.
372 3933 443 3987 reor.
462 3935 534 3986 tome
551 3929 600 3985 1x.
620 3930 697 3986 vans
715 3931 963 3995 mcccxxxvr.)
1518 3905 1519 3965 l

376 4017 718 4085 2)schol.vcn.13420:
743 4015 774 4072 ἐν
798 4021 874 4095 δεξιᾷ
894 4015 1041 4080 Μενέλαος
1062 4014 1183 4086 ἤλαυνεν
1200 4013 1299 4068 falsum
1321 4019 1363 4068 est
1386 4014 1437 4068 nisi
1516 3985 1518 4071 i

289 4103 454 4175 intellegitur
470 4101 502 4160 ἐν
519 4105 594 4176 δεξιᾷ
612 4105 665 4158 τοῦ
682 4094 847 4168 Ἀντιλόχου.
