3076 5020
372 395 405 448 B.
432 392 484 447 Du
501 393 742 449 HIPPODROMO
759 394 961 451 NONNIANO.
1203 399 1242 457 19

87 567 253 652 Sequitur,
277 573 310 632 ut
331 567 418 649 apud
432 566 582 632 Nonnum
597 587 628 632 ν.
644 569 706 632 289
721 565 876 649 νεύματος
891 565 1014 652 δρόμος
1035 589 1099 635 non
1121 569 1163 637 de
1186 591 1241 636 ex-

87 676 193 734 tremo
209 669 302 734 unius
317 670 416 735 solius
432 669 582 735 circuitus
597 670 702 753 spatio
717 670 952 754 intellegendus
967 672 1018 753 sit,
1034 670 1092 737 sed
1104 671 1147 738 de
1161 673 1240 739 inte-

86 791 148 852 gro
171 771 304 836 circuitu
327 771 465 854 plurium
480 771 654 837 novissimo
671 771 738 848 (cfr.
753 792 784 855 p.
801 776 843 847 9).
875 771 914 837 Id
930 791 1058 855 quoque
1080 791 1122 837 ex
1145 791 1184 838 ea
1205 793 1241 840 re

88 870 347 938 concludendum
370 877 418 938 est
436 872 641 938 Nonniauum
663 872 909 958 hippodromum
931 894 994 939 non
1009 880 1117 939 tantae
1139 875 1241 958 longi·
1366 871 1369 878 '

87 975 209 1040 tudinis
225 993 296 1040 esse
312 973 464 1056 potuisse,
480 979 619 1056 quantae
634 973 848 1059 Homericum,
872 981 907 1041 ut
920 976 1048 1041 Aeacus
1062 976 1167 1042 miuus
1182 996 1240 1059 pro

87 1096 166 1142 usus
194 1075 386 1140 necessitate
413 1075 455 1140 ad
478 1076 669 1143 exteriorem
692 1085 810 1143 metam
839 1078 1005 1145 custodem
1032 1077 1115 1142 mitti
1144 1098 1241 1161 quam

86 1178 222 1243 Homeri
237 1176 407 1241 imitationi
423 1175 533 1242 deberi
545 1177 693 1244 videatur
704 1180 745 1256 (ν.
759 1183 903 1246 238—41
917 1207 960 1230 =
972 1179 1009 1243 ΙΙ.
1026 1180 1239 1256 Ψ359-61).

176 1280 320 1344 Altemm
343 1276 514 1344 discrimen
537 1285 593 1362 est,
617 1279 703 1362 quod
725 1301 807 1347 unus
822 1301 863 1348 ex
879 1283 1019 1363 quinque
1035 1280 1239 1363 certantibus,

86 1380 251 1463 Phauuus,
274 1379 432 1462 quadriga
453 1379 581 1446 vehitur
596 1386 638 1456 (ν.
655 1384 727 1445 347.
749 1385 834 1461 432).
871 1381 943 1460 Qua
957 1383 990 1447 iu
1005 1401 1041 1447 re
1056 1383 1184 1448 tametsi
1198 1381 1240 1448 de

88 1483 176 1567 Sole,
191 1501 254 1548 avo
269 1501 327 1549 suo
344 1485 386 1560 (v.
402 1485 487 1564 414),
503 1484 687 1566 exemplum
703 1485 827 1567 cepisse
843 1483 959 1549 dieitur
974 1493 1015 1557 tv.
1035 1485 1116 1565 168),
1133 1489 1240 1550 tarum

86 1586 129 1651 ab
145 1585 317 1650 Homerico
327 1604 391 1666 ¹usu
406 1604 561 1668 perquam
576 1584 746 1668 discrepat.
786 1587 934 1667 Namque
949 1583 1062 1650 Iliadis
1077 1583 1191 1651 heroes
1208 1593 1241 1651 et

87 1688 120 1751 iu
143 1685 267 1769 proelio
290 1691 322 1751 et
343 1685 377 1750 in
392 1687 564 1752 certamine
587 1686 671 1770 bigis
694 1689 741 1753 uti
762 1688 963 1754 notissimum
987 1692 1044 1767 est,
1067 1687 1130 1752 nisi
1153 1686 1240 1769 quod

86 1787 248 1853 interdum
262 1788 296 1853 in
311 1807 420 1871 pugna
435 1785 485 1854 bis
496 1787 621 1854 duobus
633 1790 724 1871 cquis
740 1790 867 1854 tertium
879 1783 1050 1872 παρήορον
1061 1787 1241 1871 adiungunt

87 1890 135 1967 (ll.
152 1892 190 1952 H
203 1892 275 1952 471.
292 1892 376 1963 474).
410 1887 497 1966 Quos
512 1896 620 1956 autem
634 1890 755 1957 Neleus
777 1892 811 1956 iu
826 1889 953 1955 Elidem
974 1888 1016 1953 de
1031 1888 1157 1972 tripode
1172 1908 1239 1956 cer·

87 1997 209 2056 taturus
223 1991 310 2056 misit
325 1994 459 2068 (A6982
475 1993 634 2075 τέσσαρες
650 1984 843 2077 ἀθλοφόροι
857 1991 963 2056 (ίνννιοι
979 1982 1130 2055 αὐτοῖσιν
1145 1983 1240 2071 ὄχεσ-

87 2095 169 2177 φιν),
193 2094 224 2159 ci
246 2099 394 2175 quattuor
416 2094 490 2175 equi
510 2113 573 2160 non
594 2095 775 2160 necessario
794 2093 985 2176 quadrigam
1006 2091 1157 2174 efficiunt,
1180 2093 1239 2159 sed

86 2201 220 2277 possunt
246 2193 330 2260 duae
359 2194 456 2277 bigae
478 2215 564 2279 esse,
593 2216 658 2278 qua
680 2197 713 2260 in
735 2216 769 2260 re
798 2195 991 2262 scholiastae
1014 2213 1142 2277 quoque
1165 2215 1238 2260 cou-

87 2297 235 2363 sentiunt.

172 2398 223 2464 Ad
247 2396 328 2464 baec
349 2399 542 2464 notabiliora
563 2398 721 2465 accedunt
742 2399 866 2464 leviora
888 2398 1058 2481 quaedam.
1096 2397 1238 2479 Aurigae

88 2503 173 2567 enim
196 2520 268 2567 cum
290 2500 378 2584 apud
400 2501 591 2583 Homerum,
619 2501 805 2583 priusquam
828 2500 868 2567 de
891 2499 1082 2566 stationibus
1105 2500 1237 2566 sortian-

87 2611 155 2682 tur,
184 2602 217 2666 in
239 2621 348 2668 currus
371 2602 561 2686 asceudant,
590 2601 643 2667 bic
665 2611 776 2668 contra
796 2604 884 2685 prius
910 2603 1083 2668 sortionem
1105 2602 1236 2667 faciunt.

87 2704 247 2771 Differuut
262 2703 370 2788 etiam,
392 2710 427 2770 ut
442 2704 502 2771 hoc
517 2705 633 2770 leviter
646 2705 869 2787 perstringam,
891 2705 925 2768 in
947 2704 1044 2770 modo
1066 2703 1237 2770 sortiendi:

86 2808 132 2873 ibi
155 2808 255 2887 enim,
284 2811 320 2870 ut
341 2806 446 2872 solent
465 2807 514 2882 (Il.
532 2809 563 2869 Γ
575 2808 646 2870 316.
663 2808 735 2871 325.
763 2807 797 2868 Ψ
810 2808 881 2871 861.
904 2805 965 2873 Od.
980 2829 1000 2868 κ
1015 2807 1107 2888 206),
1135 2812 1238 2872 sortes

87 2909 128 2975 ab
156 2906 284 2975 Achille
314 2905 347 2971 in
381 2908 506 2974 casside
539 2909 738 2991 quatiuntur,
772 2907 875 2974 donec
907 2909 1053 2992 singulae
1083 2907 1239 2973 excidant

88 3013 130 3089 (v.
147 3012 208 3075 353
220 3011 320 3092 sqq.);
343 3007 396 3074 bio
411 3009 472 3091 ipsi
488 3009 641 3093 deinceps
664 3001 867 3090 (ἀμοιβαδίς)
882 3010 998 3076 velatis
1020 3009 1121 3076 oculis
1136 3014 1238 3075 sortes

88 3133 106 3178 e
134 3111 259 3178 casside
287 3119 445 3193 promunt.
496 3109 591 3188 Quod
619 3117 789 3194 postquam
818 3112 978 3195 fecerunt,
1006 3111 1050 3177 ad
1075 3116 1237 3177 certamen

88 3214 263 3280 consistunt
283 3214 326 3288 (ν.
343 3213 431 3286 23ης

249 3309 422 3392 ἱστάμενοι
444 3309 620 3399 στοιχηδὸν
641 3304 829 3395 ἀμοιβαίων
852 3308 909 3377 brt
934 3312 1073 3399 δίφρων.

87 3416 288 3484 Adiectivnm
317 3406 494 3496 ἀμοιβαῖος
525 3414 577 3481 bic
597 3416 760 3498 passivam
788 3417 855 3480 vim
883 3413 981 3480 habet
1004 3416 1095 3498 quasi
1117 3414 1238 3482 dictum

87 3517 143 3584 sit:
160 3507 389 3598 ἀμειβομένων
405 3513 463 3582 ἐπὶ
479 3515 619 3601 δίφρων.
654 3515 850 3600 Saepissime
865 3516 951 3583 idem
967 3524 1016 3584 est
1031 3516 1118 3600 quod
1129 3509 1237 3582 ‘alter-

87 3609 157 3684 nus'
183 3618 225 3695 (v.
244 3620 320 3682 564:
351 3615 593 3699 οννοχμάζοννο
621 3615 683 3702 γὰρ
713 3611 815 3704 ἄμφω
841 3617 845 3696 Ι
869 3617 983 3702 χερσὶν
1009 3610 1237 3702 ἇμοιβαίῃσιν.

88 3719 261 3785 XXXVIII
273 3722 345 3784 289.
368 3720 514 3786 XXXIX
527 3723 598 3786 351.
620 3719 713 3785 XLII
726 3724 797 3783 510.
820 3720 909 3785 XLV
921 3722 993 3784 222.
1015 3719 1153 3785 XLVIII
1165 3722 1236 3784 552.

90 3825 160 3887 857.
182 3821 303 3886 XLVII
316 3824 386 3887 129.
401 3827 470 3888 154.
487 3826 569 3901 173).
598 3824 767 3888 Altemant
781 3827 889 3886 autem
905 3840 1023 3903 cumas,
1041 3819 1127 3904 quod
1142 3826 1237 3886 autea

87 3925 175 3989 nullo
199 3929 285 3988 certo
309 3923 421 3990 ordine
443 3923 591 4007 dispositi
613 3942 696 3988 nunc
711 3941 807 4004 quam
823 3922 960 4005 quisque
978 3922 1149 3987 stationem
1170 3941 1236 3988 sor-

87 4027 164 4092 titus
187 4030 244 4106 est,
268 4043 339 4089 eam
362 4034 512 4110 occupat:
535 4045 570 4091 re
585 4043 663 4090 vera
680 4023 777 4107 igitur
798 4044 862 4089 non
884 4043 993 4089 currus
1007 4030 1235 4108 permutantur,

87 4125 146 4193 sed
174 4144 283 4192 eorum
312 4127 475 4192 stationes.
522 4127 635 4193 lltrum
663 4144 741 4191 vcro
768 4126 852 4192 alius
876 4131 948 4208 post
970 4125 1068 4190 alium
1090 4145 1132 4190 an
1153 4127 1236 4192 alins

998 4225 1033 4276 2*
