3076 5020
655 1250 694 1315 A.

343 1400 404 1484 llll
430 1399 723 1483 Hirrousorlo
750 1397 996 1483 Hellusios.

526 1535 600 1601 (Ilias
622 1539 651 1592 Ψ
668 1539 823 1602 nou-650.)

182 1707 427 1795 simplicissima
442 1708 643 1793 hippodromi
658 1708 762 1774 forma
777 1713 825 1774 est
838 1708 976 1791 spatium
997 1707 1168 1790 derectum,
1192 1730 1248 1794 per

95 1813 183 1896 quod
205 1832 225 1876 a
248 1812 428 1878 carceribus
450 1811 616 1895 usquead
639 1811 734 1876 finem
757 1813 810 1878 vel
824 1812 930 1896 potius
946 1817 1073 1894 praeter
1095 1810 1191 1878 finem
1206 1848 1246 1858 -

94 1935 200 1998 neque
222 1915 307 1983 enim
329 1913 534 1981 citatissimos
563 1933 715 1997 equorum
738 1934 847 1980 oureus
873 1918 1005 1996 repente
1026 1921 1131 1997 potest
1153 1913 1245 1979 susti-

94 2017 164 2084 neri
187 2053 243 2098 —‚
272 2024 307 2082 ut
328 2037 348 2082 a
371 2015 611 2100 stadiodromis,
635 2019 783 2084 continuo
806 2037 865 2084 nec
886 2017 951 2083 ullo
974 2014 1069 2082 modo
1092 2016 1246 2101 impedito

96 2141 189 2187 cursu
212 2118 383 2202 curritur1).
420 2119 510 2184 Talis
531 2118 633 2185 forma
656 2141 731 2185 num
745 2138 885 2201 unquam
902 2117 1120 2203 hippodromis
1142 2118 1246 2202 luerit,

96 2223 242 2304 quamvis
264 2222 368 2305 prima
389 2240 535 2304 quaeque
558 2222 713 2288 curricula
733 2222 779 2287 ita
794 2223 932 2288 formata
952 2220 1052 2287 tuisse
1074 2220 1246 2288 verisimile

96 2328 152 2411 sit,
183 2331 304 2409 tamen,
335 2345 405 2391 cum
428 2323 549 2389 diserta
571 2324 754 2391 testimonia
776 2323 898 2406 desint,
929 2330 1016 2389 certo
1040 2323 1103 2389 diei
1126 2326 1245 2405 nequit.

97 2428 230 2494 Diodori
252 2427 351 2493 Siculi
373 2425 618 2512 hippodromum
641 2424 795 2493 Oenomai
823 2424 1032 2491 describentis
1056 2425 1113 2508 (IV
1137 2432 1187 2510 73,
1211 2428 1245 2514 3)

96 2529 251 2597 eiusmodi
272 2528 409 2613 simplex
424 2530 528 2595 forma
542 2528 649 2594 animo
665 2529 791 2595 videtur
806 2528 906 2596 fuisse
921 2529 1104 2594 obversata:
1128 2526 1245 2614 [Οἰνό-

96 2629 191 2718 μαος]
220 2626 432 2718 ὑπεστήσατο
464 2629 695 2714 ἱπποδρομίαν
725 2624 793 2697 ἀπὸ
818 2636 929 2718 Πίσης
958 2633 1054 2714 μέχρι
1080 2633 1139 2696 τοῦ
1160 2629 1243 2696 κατὰ

96 2734 266 2819 Κόρινθον
286 2725 436 2816 Ἰσθμοῦ,
461 2729 546 2816 πρὸς
568 2729 626 2798 τὸν
647 2731 762 2816 βωμὸν
784 2735 843 2798 τοῦ
866 2732 1090 2810 Ποσειδῶνος.
1127 2735 1244 2800 Posses

96 2840 178 2905 hanc
200 2857 288 2904 aram
310 2856 368 2918 pro
392 2842 478 2900 meta
491 2836 590 2902 fnisse
604 2836 676 2922 reri,
699 2836 761 2902 nisi
776 2843 886 2902 auctor
904 2842 1066 2920 pergeret:
1091 2840 1245 2923 Φθείρας

97 2941 147 3020 δέ,
177 2941 237 3022 ait,
268 2933 296 3024 [ὁ
321 2935 458 3023 Πέλοψ]
479 2934 537 3002 τὸν
559 2932 690 3025 ἡνίοχον
716 2941 774 3002 τοῦ
802 2936 970 3020 Οἰνομάου
993 2939 1167 3023 Μορτῑλον
1188 2942 1244 3006 καὶ

101 3040 208 3127 λαβὼν
237 3039 391 3126 οὑνεργον
419 3037 505 3124 πρὸς
527 3037 586 3125 τὴν
609 3045 699 3130 νίκην
729 3039 862 3126 ἔφθασε
884 3040 1151 3126 παραγενόμενος
1173 3038 1244 3108 ἐπὶ

96 3137 359 3225 τὸνἸοθμόν,
383 3140 487 3227 πρὸς
509 3140 578 3208 τὸν
598 3143 958 3221 τοῦΠοσειόιῦνος
980 3135 1136 3227 βωμόν,
1160 3144 1244 3210 unde

98 3267 183 3313 aram
205 3245 300 3312 finem
323 3245 419 3311 totius
442 3245 587 3312 curriculi
608 3246 706 3313 fuisse
729 3244 909 3312 concludas.
955 3247 1038 3310 Nam
1062 3265 1117 3312 cnr
1140 3243 1243 3312 Oeno-

97 3368 185 3415 maus
209 3369 279 3414 cum
302 3348 344 3412 ab
367 3346 552 3414 adversario
574 3367 645 3413 sese
661 3348 780 3413 victum
800 3347 932 3430 videret,
956 3367 1067 3414 manus
1090 3348 1153 3413 sibi
1174 3349 1244 3433 ipse

97 3451 261 3531 intulisset,
284 3448 370 3531 quod
384 3450 518 3534 scriptor
532 3451 680 3517 continuo
696 3457 812 3534 narrat,
836 3449 864 3515 si
879 3450 911 3515 in
928 3450 1031 3517 reditu
1045 3450 1135 3516 illum
1152 3471 1242 3519 oceu-

97 3553 192 3640 pandi
214 3553 349 3618 facultas
372 3553 402 3618 ei
423 3553 536 3618 reliota
558 3552 692 3620 fuisset?
725 3553 817 3619 Idem
839 3551 985 3619 inaudita
1007 3552 1152 3619 curriculi
1173 3552 1242 3620 lon-

97 3655 206 3737 gitudo
235 3653 313 3720 mihi
339 3654 519 3738 persuadet.
563 3655 629 3721 Sed
657 3660 691 3720 ut
714 3653 840 3721 Siculus
869 3654 1043 3736 antiquitus
1071 3656 1243 3723 memoriae

99 3756 214 3844 tradita
234 3755 358 3841 reddat,
381 3757 458 3840 quid
481 3779 522 3825 ex
543 3758 609 3824 illis
630 3757 747 3823 fabulis
769 3757 811 3822 ad
827 3777 936 3823 verum
951 3757 1241 3839 antiquissimorum

100 3867 274 3943 temporum
301 3879 391 3925 usum
421 3860 572 3942 colligere
600 3859 791 3944 possumus?
836 3858 958 3925 Eadem
984 3860 1101 3944 forma,
1131 3879 1240 3942 quam-

100 3982 192 4044 quam
214 3962 313 4027 multo
336 3961 482 4029 breviore
504 3983 543 4028 ac
564 3982 667 4047 paene
682 3961 776 4027 nimis
791 3960 883 4028 brevi
898 3961 1001 4046 spatio
1017 3961 1157 4045 quinque
1177 3969 1240 4027 sta-

182 4151 205 4213 1)
223 4147 278 4202 cfr.
296 4146 403 4203 Krause
422 4147 517 4216 Gymn.
535 4151 563 4201 et
579 4145 701 4214 Agonist.
720 4163 748 4216 p.
762 4149 820 4200 344.
835 4151 894 4201 571.
