3072 5012
297 373 338 434 96
697 374 729 432 Β.
755 374 807 430 DE
825 374 1046 432 TARAXIPPO.

297 539 498 626 αὐλίζεσθαι
520 549 680 632 λέγουσιν.
714 548 799 616 Huic
814 549 1071 634 Taraxipporum
1093 549 1214 634 speciei
1230 550 1328 616 etiam
1340 549 1443 618 Ischo·

296 671 371 734 nos,
400 652 494 736 gigas
515 653 572 719 ille
594 649 767 735 Olympiae
789 652 949 735 sepultus,
965 651 1239 718 ¹adnumerandus
1269 659 1331 719 est:
1360 653 1444 736 quod

244 799 250 808 ·
296 753 491 838 Lycophron
513 773 586 820 eum
608 759 848 838 commemorat,
874 753 950 820 inde
972 754 1038 818 iam
1061 760 1135 820 ante
1155 751 1444 820 Alexandrinorum

296 861 444 940 tempora
472 855 556 923 hanc
584 856 726 940 speciem
755 862 858 921 ortam
887 875 958 922 esse
985 857 1191 921 manifestum
1216 863 1275 922 est
1320 855 1387 923 Sed
1407 877 1446 924 ne

296 958 350 1026 hic
379 958 510 1041 quidem
538 957 672 1041 quade
700 977 799 1024 eausa
820 957 1025 1040 Tarauippus
1053 957 1156 1024 factus
1184 958 1240 1042 sit,
1270 959 1446 1026 eTnetnac

297 1060 421 1128 scholio
443 1061 487 1126 ad
501 1059 709 1126 Alexandros
730 1080 760 1124 v.
776 1063 816 1123 42
838 1059 1001 1143 adscripto
1023 1060 1101 1127 satis
1122 1058 1275 1126 discimus
1291 1063 1444 1144 (ρ.100·).

381 1164 456 1228 Tali
477 1164 592 1230 fascini
617 1163 769 1245 opinione
790 1163 856 1228 iam
877 1162 948 1245 via,
976 1167 1012 1227 ut
1033 1161 1080 1228 ita
1101 1160 1223 1245 dicam,
1251 1163 1383 1243 patebat
1403 1162 1446 1228 ad

296 1267 456 1348 magicam
477 1264 679 1348 Amphionis.
725 1263 796 1346 Hic,
819 1263 1045 1347 quodetiam,
1069 1261 1130 1329 hoc
1152 1264 1222 1330 solo
1244 1263 1317 1330 loco
1340 1260 1445 1338 δεινὸς

295 1370 460 1452 μαγεῦσαι
482 1367 613 1434 dicitur:
636 1365 800 1450 Orpheum
821 1365 924 1433 omnis
946 1367 1074 1448 magiae
1096 1365 1242 1433 Graecae
1264 1366 1445 1448 antiquissi-

296 1491 383 1536 mum
404 1471 525 1536 iontem
548 1475 580 1535 et
602 1469 760 1552 originem
786 1466 933 1534 habitum
960 1486 1033 1533 esse
1059 1469 1142 1533 inter
1163 1487 1274 1534 omnes
1297 1470 1446 1544 constat¹t

296 1572 364 1648 (cfr.
388 1572 530 1654 exempli
551 1569 935 1654 graticPeu8.1130,2:
961 1570 1055 1634 Θεῶν
1079 1568 1115 1634 δὲ
1136 1567 1322 1654 Αἰγινῆται
1343 1570 1445 1650 τιμῶ·

296 1693 350 1738 σιν
361 1666 497 1758 Ἑκάτην
518 1669 674 1754 μάλιστα,
697 1671 753 1736 καὶ
774 1667 909 1754 τελετὴν
932 1664 1069 1755 ἄγουσιν
1093 1663 1156 1736 ἆνά
1179 1672 1248 1734 τεᾶν
1271 1665 1445 1746 ἕτοςἙκά-

294 1798 363 1862 της,
382 1767 508 1861 Ὀρφέα
531 1777 631 1861 σφίσι
652 1770 710 1838 τὸν
728 1774 843 1860 Θρᾷκα
865 1769 1145 1857 καταστήσασθαι
1165 1770 1224 1858 τὴν
1238 1771 1372 1861 τελετὴν
1395 1774 1445 1837 λε’-

294 1879 430 1960 γσντες).
463 1877 641 1943 Putabatur
662 1877 759 1960 igitur
781 1875 949 1942 daemonis
966 1877 1096 1941 notione
1117 1878 1214 1958 plane
1236 1885 1362 1943 remota
1382 1876 1444 1942 iam

294 2000 359 2046 non
381 1979 476 2047 heros
499 1979 677 2046 invidiosus
700 1997 800 2062 equos
822 1996 943 2061 pavore
964 1978 1115 2061 implere,
1141 1999 1253 2046 verum
1273 1999 1326 2047 res
1349 1999 1444 2062 quae·

295 2082 372 2148 dam
394 2084 560 2148 interram
576 2082 734 2156 infossae
767 2077 838 2156 Quo
853 2079 971 2144 factum
987 2087 1044 2163 est,
1067 2087 1103 2145 ut
1117 2071 1214 2146 etium
1234 2082 1332 2148 rebus
1347 2082 1445 2146 Tara-

160 2181 165 2188 ’
294 2186 387 2269 xippi
407 2206 524 2252 nomen
547 2184 719 2266 inderetur,
742 2184 832 2248 velut
851 2181 1027 2265 pharmaco
1050 2182 1179 2248 cuidam
1199 2183 1242 2248 ab
1256 2183 1340 2249 Iulio
1362 2182 1445 2247 Afri-
1521 2221 1522 2260 3

295 2309 375 2354 cano
399 2287 571 2371 descripto,
593 2287 683 2354 cuius
699 2285 780 2352 odor
801 2304 902 2368 equos
917 2284 1023 2351 furore
1037 2286 1150 2368 implet
1165 2285 1309 2356 (Veteres
1324 2284 1445 2350 mathe

294 2391 414 2473 matici,
430 2391 563 2458 Parisiis
575 2387 794 2454 mncxoffl.
804 2407 836 2470 p.
846 2388 931 2463 293).
960 2387 1113 2453 Eiusdem
1125 2387 1247 2453 verbis:
1263 2379 1446 2466 ᾖΕὔμανται
1521 2393 1522 2473 t

295 2491 407 2557 δὲκαὶ
430 2485 528 2556 ἄλλοι
549 2487 722 2572 μάχεσθαι
742 2489 914 2571 μέλοντες·
938 2478 976 2552 οὗ
999 2484 1063 2572 μὴν
1086 2479 1171 2552 ἀλλὰ
1193 2488 1249 2553 καὶ
1264 2485 1390 2554 θύσασι
1413 2484 1445 2552 ἐν

295 2586 399 2678 dycta
420 2591 663 2678 καθεστηκότες
681 2587 895 2676 Ταραξίππῳ
910 2587 1123 2656 Ποσειδῶνι“
1145 2590 1189 2656 ed
1204 2610 1339 2673 pravam
1355 2592 1445 2656 illam

295 2695 337 2761 de
351 2695 538 2778 Taraxippo
553 2693 695 2777 Neptuni
710 2695 901 2776 cognomine
915 2694 1106 2760 senteutiam
1126 2711 1326 2774 revocamur,
1349 2713 1443 2776 qnam

294 2798 503 2864 novissimam
523 2800 602 2880 puto
625 2796 797 2862 exstitisse.
830 2795 914 2861 Nam
937 2797 965 2861 si
987 2796 1102 2878 quibus
1123 2794 1294 2862 multitudo
1317 2796 1442 2862 illorum

294 2898 427 2966 heroum
450 2917 508 2982 pro
530 2897 661 2964 festinis
683 2896 865 2963 habitorum
889 2905 921 2963 et
942 2899 1070 2979 magica
1098 2916 1225 2981 quoque
1248 2896 1358 2980 opinio
1381 2897 1442 2964 dis-

292 3001 448 3084 plicebat,
477 3000 521 3066 ad
550 2999 645 3066 deum
673 3000 858 3083 refugerunt
880 2999 976 3065 etad
1006 3019 1175 3082 quemnam
1199 3000 1295 3065 deum
1318 3000 1381 3066 nisi
1401 3000 1442 3065 ad
1520 3033 1521 3085 1

293 3122 447 3185 equorum
470 3103 729 3186 equestriumquc
752 3102 916 3168 hominum
932 3100 1140 3184 Neptunum?
1172 3100 1256 3167 Huic
1279 3103 1364 3168 enim
1385 3122 1441 3185 pro

293 3225 398 3270 rerum
421 3207 616 3286 equestrium
638 3207 851 3288 prosperitate
873 3205 906 3269 in
927 3205 993 3270 eris
1015 3203 1195 3270 sacrificare
1217 3203 1305 3270 soliti
1327 3205 1360 3268 in
1383 3202 1441 3270 hac

294 3324 421 3388 quoque
442 3326 500 3370 ara
522 3305 640 3374 deinde
662 3307 819 3374 sacrificia
841 3307 1017 3390 faciebant,
1046 3314 1082 3372 ut
1109 3327 1181 3372 eum
1206 3307 1390 3388 mitigarent
1410 3314 1440 3372 et

293 3405 474 3472 adiutorem
502 3408 564 3474 sibi
591 3410 844 3476 reconciliarent.
895 3409 1074 3493 Taraxippi
1106 3416 1214 3474 eutem
1242 3427 1359 3473 nomen
1385 3428 1440 3491 per

293 3507 424 3575 saecula
438 3515 600 3574 servatum
615 3530 679 3576 non
694 3512 883 3595 reiecerunt,
906 3512 964 3579 sed
983 3510 1182 3594 cognominis
1204 3512 1277 3576 loco
1292 3510 1437 3593 Neptuno
1519 3543 1520 3550 ι

292 3629 461 3694 perperam
484 3610 686 3678 addiderunt.
732 3612 956 3681 Lchndorffius
979 3635 1051 3680 cum
1074 3613 1147 3678 aliis
1169 3611 1350 3678 Pausaniae
1372 3633 1438 3678 sen·

380 3883 404 3944 1)
422 3878 477 3933 Gir.
495 3881 674 3936 Ennomoseri
691 3883 837 3938 Historiam
856 3885 960 3952 magice
976 3883 1053 3953 Lips.
1074 3887 1149 3938 1844.
1167 3883 1257 3948 §23l.

377 3967 402 4029 2)
421 3962 476 4019 Cir.
495 3965 548 4020 Dio
567 3967 660 4035 Chrys.
680 3984 720 4022 or.
737 3967 852 4022 XXXII.
869 3986 896 4038 p.
914 3973 965 4022 414
982 3985 1008 4022 u.
1029 3974 1058 4021 15
1077 3968 1174 4023 Dine:
1195 3959 1284 4030 ,ὅταν
1301 3968 1331 4025 δὲ
1349 3967 1387 4034 εἰς
1402 3964 1434 4025 τὸ

291 4047 418 4120 θέατρον
435 4049 603 4107 εἰσέλθωσιν
619 4047 638 4123 ἢ
654 4047 689 4110 τὸ
714 4050 844 4121 στάδιον,
866 4045 984 4125 ὥσπερ
1006 4049 1206 4124 φαρμάκων
1228 4047 1352 4119 αὐτοῖς
1368 4051 1435 4110 ἐκεῖ

290 4135 637 4206 κατορωρυγμένων,
656 4129 738 4195 οὐδὲν
755 4137 847 4196 οἴδασι
866 4144 925 4196 τῶν
942 4139 1116 4213 προτέρων.“
