3076 5020
866 1185 903 1250 B.

552 1337 614 1421 llll
639 1335 933 1420 HIPPODROllO
960 1335 1212 1420 Nostrone.

664 1487 785 1558 (Dionys.
803 1487 934 1543 XXXVII
953 1491 1106 1553 soe-484.)

392 1663 552 1747 Nonnum,
567 1668 756 1745 perpetuum
767 1661 898 1728 Homeri
910 1667 1111 1744 sectatorem,
1128 1662 1226 1728 etiam
1239 1662 1274 1726 in
1287 1663 1463 1746 pingendis

307 1764 392 1831 ludis
408 1763 604 1847 funebribus,
620 1782 700 1846 quos
715 1762 863 1830 Baeehus
877 1764 910 1828 in
925 1761 1079 1829 honorem
1094 1761 1255 1846 Opheltae
1271 1769 1314 1841 (v.
1330 1768 1463 1849 101qu

308 1864 518 1933 celebrandos
533 1871 632 1949 ourat,
650 1864 790 1948 exempli
802 1865 852 1930 sui
863 1865 1003 1949 vestigia
1013 1866 1246 1932 studiosissime
1256 1872 1463 1948 persecutum

309 1987 390 2052 esse,
413 1968 490 2051 quin
505 1968 602 2033 etiam
617 1967 660 2032 ad
675 1967 808 2033 verbnm
823 1967 982 2049 permulta
996 1967 1197 2032 transtulisse
1211 1987 1275 2033 non
1290 1974 1350 2054 est,
1372 1969 1463 2052 quod

308 2069 442 2152 mireris,
466 2069 561 2135 modo
584 2070 695 2152 aliqua
715 2088 758 2134 ex
778 2075 869 2150 parte
893 2070 961 2134 eins
982 2068 1139 2134 rationem
1161 2069 1309 2135 carminis
1332 2090 1464 2153 compo-

307 2171 405 2238 nendi
428 2171 628 2255 eognoveris.
666 2167 760 2246 Quod
781 2171 814 2235 in
836 2171 960 2254 noteris,
981 2169 1070 2235 idem
1092 2169 1170 2236 feeit
1190 2170 1224 2235 in
1246 2169 1484 2262 deseribendov

308 2272 482 2338 oertamine
497 2273 647 2356 equestri.
685 2270 852 2352 Siquidem
867 2291 944 2337 vero
958 2271 1124 2353 utriusque
1139 2273 1373 2339 enarrationem
1388 2293 1463 2357 per·

308 2375 444 2458 legenti,
475 2393 558 2457 quae
579 2373 671 2456 paria
693 2378 726 2437 et
746 2373 866 2439 similia
887 2381 975 2450 sunt,
1003 2392 1043 2439 ea
1070 2373 1174 2455 primo
1197 2392 1325 2457 quoque
1348 2375 1463 2440 obtutu

308 2476 403 2543 laeile
425 2479 590 2558 apparent,
614 2472 695 2539 haee
709 2474 854 2556 pluribus
868 2475 1019 2557 persequi
1038 2475 1257 2557 praetermitto
1273 2474 1463 2542 discrimina

309 2579 415 2660 potius
436 2576 627 2660 prolaturus.

395 2677 629 2744 Gravissimum
645 2674 815 2742 disorimen
831 2683 889 2761 est,
911 2676 998 2760 quod
1013 2698 1077 2744 non
1097 2696 1193 2742 unam
1209 2678 1321 2759 solam,
1345 2685 1381 2744 ut
1396 2679 1463 2745 Ho-

308 2799 424 2861 merus,
447 2777 505 2845 sed
527 2776 608 2843 duas
622 2783 724 2842 metas
740 2798 782 2844 ex
797 2781 983 2861 posterioris
1005 2780 1121 2846 aetatis
1144 2797 1203 2844 usu
1225 2780 1341 2862 posuit.
1376 2779 1461 2858 Quo-

309 2883 397 2947 niam
413 2880 498 2946 enim
513 2900 544 2943 v.
563 2881 709 2942 105—12
724 2899 820 2944 unam
835 2886 954 2946 metam
972 2881 1153 2964 desoripsit,
1175 2880 1310 2947 alteram
1333 2901 1463 2966 quoque

310 2983 351 3048 ab
375 2981 489 3048 eodem
513 2978 654 3064 Cyclope
676 2981 710 3044 in
732 2986 816 3047 terra
838 2980 937 3046 fixam
960 3002 1031 3049 esse
1053 2981 1147 3048 dioit:

1143 3093 1218 3164 ἶσον
1240 3097 1353 3185 ἐκείνῳ

418 3192 600 3282 ἀντίπορον
623 3198 723 3264 λίθον
746 3192 846 3265 ἄλλον
869 3194 1030 3285 ὁμόζογον
1053 3199 1087 3267 ἐν
1106 3203 1208 3284 χθονὶ
1232 3198 1350 3288 πήξας.

310 3318 451 3385 Proinde
465 3337 529 3382 non
545 3319 655 3403 semel,
678 3337 790 3383 verum
805 3321 1019 3403 compluriens
1034 3321 1225 3387 curriculum
1241 3322 1375 3389 eirouitu
1390 3341 1463 3404 per-

310 3421 477 3504 agitur-
501 3421 663 3503 quotiens,
692 3426 840 3486 aoeurate
868 3441 932 3485 non
962 3420 1082 3488 dietum
1111 3429 1160 3489 est
1181 3457 1223 3468 —
1245 3422 1279 3488 id
1309 3423 1397 3505 qnod
1421 3442 1463 3489 ex

312 3523 429 3589 voeula
451 3511 504 3584 ἀεὶ
527 3522 614 3587 inv.
630 3525 692 3585 205
716 3522 825 3605 oolligi
847 3523 936 3589 lieet:

536 3633 667 3723 ἡνίοχος
688 3637 874 3726 πολύμητις
895 3675 936 3684 -
961 3637 1072 3706 ἰθύνει
1093 3675 1135 3686 -

538 3738 629 3826 ἐγγὺς
652 3735 718 3808 ἀεὶ
741 3741 820 3825 περὶ
844 3737 967 3806 νύσσαν
990 3735 1079 3827 ἄγων
1102 3739 1235 3827 δρόμον.

310 3862 383 3927 Ηοο
405 3860 490 3926 enim
512 3861 701 3927 adverbium
716 3860 887 3927 Homerico
907 3861 988 3945 loeo,
1012 3863 1066 3944 qui
1090 3860 1166 3927 huie
1186 3862 1370 3947 respondet,
1393 3865 1461 3932 inre

311 3962 383 4029 dest
405 3964 447 4040 (v.
464 3961 552 4038 334)ε

363 4081 413 4164 τῷ
436 4080 474 4143 οὐ
497 4071 578 4161 μάλ’
606 4076 789 4164 ἐγχρίμψας
811 4075 913 4144 ἐλάαν
936 4076 1051 4161 σχεδὸν
1075 4079 1165 4164 ἅρμα
1186 4081 1243 4146 καὶ
1264 4080 1405 4159 ἵππους.
