3076 5020
299 337 341 398 40
684 335 722 391 Π.
748 335 799 390 DE
816 334 940 391 LAEVO
960 333 1068 390 GYRO.

301 510 431 594 dubito,
460 509 538 593 quin
560 507 602 576 de
624 493 723 576 variis
752 508 840 594 gyris
870 506 1012 574 dicturus
1033 507 1145 591 fuerit,
1172 510 1208 572 nt
1229 501 1398 587 Vergilius
1425 503 1456 568 in

300 611 456 686 Aeneidis
477 609 517 678 v.
539 610 622 676 libro
644 611 820 678 Troianum
841 629 957 694 agrnen
979 608 1158 693 depingens
1179 627 1233 673 rr.
1249 609 1310 672 580
1324 625 1415 690 sqq:

404 723 486 798 ‘Olli
508 729 687 800 discurrere
708 748 805 812 pares
825 733 922 811 atque
944 727 1076 810 agmina
1097 729 1179 796 terni

408 830 604 900 Diduotis
625 831 790 902 solvere
813 829 949 896 choris
971 839 1194 914 rursusque
1213 828 1359 894 vocati

408 933 605 1004 Convenere
627 933 698 1002 ries
720 932 903 1015 infestaque
923 931 989 997 tela
1011 932 1122 998 tulere.

407 1033 489 1106 Inde
510 1023 593 1104 ¹alios
615 1034 725 1104 ineunt
747 1053 856 1103 cursus
878 1033 1025 1115 aliosque
1046 1052 1192 1100 recursus

409 1136 549 1206 Adversi
569 1136 685 1220 spatiis
706 1137 909 1218 alternosque
932 1133 1063 1203 orbibus
1084 1136 1171 1202 orbis

408 1237 594 1322 Impediunt
613 1256 806 1322 pugnaeque
829 1238 913 1304 cient
934 1237 1107 1306 simulacra
1128 1237 1189 1306 suls
1209 1225 1324 1305 armis'

387 1358 487 1428 ‘l'ales
513 1356 720 1424 decursiones
745 1374 810 1421 non
838 1374 968 1439 possum
994 1353 1074 1421 mihi
1096 1355 1204 1422 animo
1226 1355 1374 1439 cogitare
1396 1351 1456 1418 sisi

302 1460 402 1527 variis
421 1461 508 1544 gyris
526 1449 694 1538 l‘Volten’)
712 1463 744 1524 et
760 1457 976 1524 sinistrorsum
993 1463 1026 1524 et
1041 1455 1243 1524 dextrorsum
1258 1456 1366 1524 lactis.
1402 1454 1456 1520 Di·

303 1562 420 1630 sertins
441 1567 550 1628 autem
571 1560 692 1628 Statius
711 1560 746 1626 in
760 1557 863 1626 Theb.
872 1559 917 1625 VI
932 1561 994 1624 233
1006 1578 1076 1644 sqq.
1092 1558 1314 1626 decursionem
1336 1560 1455 1626 circum

305 1663 496 1732 Archemori
517 1664 672 1729 tumulum
694 1663 812 1730 laetam
833 1681 981 1728 narrans:

407 1773 513 1848 ‘Tunc
534 1786 657 1864 septem
678 1800 810 1847 numero
832 1785 953 1847 turmas
975 1785 1139 1858 (centenus
1161 1781 1280 1862 ubique

412 1880 521 1966 Surgit
543 1886 652 1965 eques)
675 1882 777 1948 versis
799 1881 919 1948 ducunt
939 1882 1117 1966 insignibus
1140 1883 1202 1966 ipsi

411 1983 616 2068 Graiugenae
637 2002 740 2066 reges,
762 1982 962 2067 lustrantque
986 2003 1032 2050 ex
1054 2003 1162 2050 more
1183 1983 1356 2051 sinistro

412 2087 514 2154 Orbe
536 2105 650 2170 rogum
672 2092 705 2151 et
726 2091 846 2152 stantes
868 2085 1024 2152 inclinant
1043 2087 1177 2169 pulvere
1198 2083 1355 2152 flammas.

412 2189 477 2255 Ter
498 2207 614 2255 curvos
636 2206 733 2270 cgere
755 2188 852 2270 sinus,
875 2187 1033 2271 inlisaque
1055 2188 1128 2254 telis

412 2291 495 2356 'Pola
516 2295 639 2373 sonant,
662 2294 776 2373 quater
797 2287 991 2355 horrendum
1012 2291 1165 2372 pepulere
1187 2290 1347 2374 fragorem

411 2393 521 2475 Arma,
544 2397 657 2474 quater
677 2390 809 2456 mollem
831 2390 1021 2457 famularum
1044 2391 1197 2458 bracchia
1217 2393 1391 2474 planctum.

414 2495 628 2562 Semianimes
650 2493 731 2557 alter
752 2491 895 2575 pecudes
917 2494 1137 2577 spirantiaque
1158 2494 1242 2577 ignis

413 2598 540 2679 Accipit
562 2600 722 2676 armenta;
745 2592 800 2660 hio
821 2595 923 2661 luctus
945 2595 1076 2661 abolere
1098 2597 1238 2680 novique

412 2698 548 2764 Funeris
568 2695 748 2779 auspicium
771 2701 863 2762 rates
886 2702 1090 2780 (quamquam
1114 2699 1223 2764 omina
1244 2699 1341 2765 sentit

412 2799 510 2877 Vera)
533 2797 637 2864 iubet:
660 2797 839 2873 dextro¹)
861 2819 959 2883 gyro
983 2807 1015 2866 et
1036 2800 1237 2867 vibrantibus
1259 2799 1361 2868 lastis

412 2902 484 2967 Hac
505 2889 651 2966 redeunt'
677 2918 705 2966 e.
718 2918 748 2983 q.
761 2919 786 2966 s.

391 3020 593 3103 Incipiebant
612 3024 719 3084 antem
741 3025 867 3086 veteres
888 3019 983 3085 laevo
998 3040 1078 3103 gyro
1095 3021 1191 3086 etiarn
1207 3022 1240 3086 in
1255 3020 1453 3088 exercitatio·

306 3124 410 3207 nibus,
427 3121 513 3205 quod
525 3121 607 3186 Xon.
624 3120 665 3186 de
680 3141 715 3187 re
727 3141 800 3204 equ.
812 3122 927 3206 capitis
937 3121 1007 3187 VII.
1023 3123 1207 3206 gravissimi
1222 3127 1241 3201 5
1254 3127 1290 3187 11
1309 3129 1453 3190 testatur:

308 3223 451 3306 ἐπείπερ
474 3221 586 3287 δὲκαὶ
611 3213 679 3286 ἀπὸ
703 3223 770 3287 τῶν
793 3215 975 3309 ἀριστερῶν
998 3215 1164 3309 ἄρχεσθαι
1188 3215 1453 3308 εὖδοκιμιότεραν,

308 3317 370 3390 nie'
397 3313 438 3388 dv
459 3321 607 3405 μάλιστα
629 3315 698 3389 ἀπὸ
721 3322 848 3390 τούτων
870 3319 1015 3410 ἄρχοιτο,
1039 3323 1070 3390 εἰ
1093 3323 1366 3410 διατροχάζοντος
1387 3326 1452 3409 μέν,

309 3421 416 3494 ὁπότε
437 3417 614 3508 ἀναβαίνοι
636 3427 685 3510 τῷ
700 3422 799 3510 δεξιῷ
808 3429 843 3506 ²),
867 3425 944 3493 τότε
959 3431 1117 3514 σημαίνοι
1131 3429 1179 3512 τῷ
1194 3425 1294 3514 ἵππῳ
1308 3425 1346 3493 τὸ
1364 3425 1453 3510 ἐπιρ-

397 3583 420 3643 1)
434 3567 565 3641 ‘Dextri'‚
583 3576 655 3644 quod
667 3574 855 3634 Kohlmannus
866 3593 901 3633 ex
912 3577 1028 3634 Puteani
1042 3577 1159 3632 lectione
1172 3572 1301 3634 ‘dextris'
1312 3579 1453 3634 restituen-

309 3663 372 3720 dum
396 3662 514 3734 putavit,
538 3661 683 3729 probarem
707 3661 806 3718 collato
824 3679 848 3717 v.
868 3667 934 3726 444,
958 3663 1010 3717 nisi
1026 3654 1119 3732 ‘gyro'
1137 3669 1309 3731 sequereturz
1332 3662 1452 3734 praefero
1518 3655 1519 3658 ’

308 3749 391 3818 igitur
404 3738 536 3810 ‘dextro'‚
555 3747 627 3814 quod
644 3746 767 3801 nonnulli
784 3747 891 3803 codices
910 3747 1038 3802 exhibent
1056 3752 1097 3815 (ut
1113 3765 1138 3804 v.
1158 3753 1220 3802 215:
1244 3749 1356 3804 sinistro
1374 3748 1451 3810 orbe).
1518 3779 1519 3808 l

397 3838 422 3896 2)
440 3830 610 3887 Godolredus
626 3831 799 3888 Hermannus
816 3834 889 3888 hunc
906 3829 997 3888 locuni
1014 3833 1079 3888 vitio
1097 3834 1224 3888 laborare
1240 3839 1317 3888 ratus
1335 3833 1364 3888 in
1381 3833 1453 3887 Gorn-
1518 3827 1519 3860 ³

309 3920 475 3976 mentatione
487 3917 521 3971 de
534 3918 631 3984 serbis,
646 3918 743 3986 quibus
756 3919 854 3974 Graeci
864 3919 999 3973 incessum
1012 3931 1143 3986 equorum
1154 3918 1277 3973 indicant
1288 3923 1342 3988 (op.
1352 3920 1366 3972 l
1378 3935 1404 3988 p.
1416 3917 1452 3976 70)

309 4020 380 4071 euru,
398 4003 469 4072 quod
488 4000 564 4071 prius
582 4003 705 4072 scripsit:
726 4002 769 4065 „el
784 3998 1027 4076 διατροχάζαντας
1044 4002 1110 4070 μέν,
1130 3999 1220 4061 ὁπότε
1238 3997 1400 4077 α’ναβαίνοι.
1416 4000 1453 4072 τῷ

310 4085 518 4163 άριστερῷξ
534 4085 564 4140 id
582 4087 695 4156 probari
713 4102 769 4143 non
786 4104 867 4157 posse
885 4088 1077 4152 intellexisset,
1098 4087 1242 4157 proposuit
1258 4105 1287 4158 p.
1306 4093 1338 4142 ‘12
1357 4087 1448 4144 adn-4
