3072 5012
294 381 335 440 92
694 382 726 438 B.
753 381 805 437 DE
824 381 1043 439 TARAXIPPO.

292 555 388 621 nibus
411 560 469 638 est,
491 575 625 638 qnorum
647 554 880 640 Aristophanes
903 555 1130 624 eallidissimus
1153 559 1277 624 exstitit
1297 543 1443 624 inventor

293 664 325 723 et
353 653 487 739 artifex,
518 675 666 741 quaeque
693 677 759 723 non
785 657 964 742 adunam,
993 658 1052 725 sed
1073 658 1116 724 ad
1144 659 1253 742 plures
1274 679 1327 726 res
1348 661 1444 727 simul
1523 705 1524 708 =

292 759 397 826 solent
418 765 573 843 spectare.
610 758 646 824 Si
668 760 819 827 eireensis
838 760 1043 845 Taraxippns
1064 781 1129 826 non
1150 761 1357 846 significatur,
1379 782 1442 828 nou
1523 781 1524 820 l

291 860 399 944 rideo,
422 860 548 944 eoquod
569 860 646 928 insit
666 880 815 928 acumen:
837 864 888 928 sin
905 861 1112 948 significatur,
1134 861 1337 946 lepidissima
1358 883 1443 932 eom·

290 963 456 1046 paratione
484 962 563 1028 mihi
591 961 722 1048 quidem
744 963 871 1031 videtur
892 985 913 1030 a
935 966 1058 1031 eomieo
1087 964 1152 1031 diei
1174 964 1329 1032 Cleonem
1350 986 1442 1032 aeon·
1523 1013 1524 1060 ι

290 1066 416 1132 satione
439 1062 653 1142 λειποταξίου
676 1067 819 1150 equitnm
841 1071 990 1134 catervae
1019 1073 1172 1134 terrorem
1198 1068 1341 1140 incutere
1363 1073 1444 1134 tam·

290 1188 387 1251 qnam
410 1169 640 1253 Taraxippum.
674 1168 765 1246 Quae
789 1169 986 1252 comparatio
1009 1189 1050 1235 ex
1072 1170 1273 1254 equestribus
1296 1171 1443 1236 aemuni-

288 1270 383 1337 nibus
409 1269 558 1336 adhibita
585 1291 624 1337 eo
652 1270 767 1337 melius
795 1269 948 1352 quadrat,
977 1271 1065 1354 quod
1087 1272 1129 1338 de
1154 1271 1315 1354 equitibus
1338 1289 1443 1338 sermo

290 1380 348 1439 est.
392 1371 543 1454 Accedit,
571 1371 659 1455 quod
687 1370 768 1438 illud
796 1373 1008 1455 compositum
1034 1369 1380 1456 ταραξιππόστρατος
1402 1375 1443 1439 ab
1523 1393 1524 1398 ’

288 1472 504 1556 Aristophane
531 1473 610 1558 fingi
637 1494 701 1540 non
729 1479 871 1558 poterat,
899 1474 963 1541 nisi
984 1475 1163 1559 Taraxippi
1192 1494 1310 1541 nomen
1331 1476 1443 1542 animo

289 1576 358 1642 eius
381 1577 584 1642 obversatum
607 1584 702 1660 esset,
723 1582 894 1660 propterea
916 1575 1003 1658 quod
1020 1577 1231 1661 compositum
1247 1575 1442 1660 ἱοπόστρο-

287 1699 346 1752 τος
368 1697 432 1743 uon
454 1679 617 1744 exstabat:
640 1697 739 1762 qnare
761 1697 826 1745 non
847 1670 1028 1762 requievere
1050 1685 1083 1745 et
1099 1675 1333 1762 ἱππόσορατος
1357 1700 1441 1747 eom-

287 1779 385 1861 positi
408 1787 481 1845 sunt
501 1787 620 1863 partes,
642 1800 754 1847 rerum
776 1776 992 1862 ταράξιπιιος
1014 1787 1047 1848 et
1068 1778 1219 1867 οτράτος.
1252 1781 1379 1859 Quibus
1401 1802 1441 1849 ex

287 1880 383 1946 rebus
415 1881 493 1948 lieet
525 1882 673 1949 eonaludi
706 1883 972 1965 Peloponnesiaci
1009 1884 1087 1950 belli
1123 1891 1229 1951 aetate
1262 1886 1440 1968 Taranippi
1523 1883 1524 1914 ¹

287 2002 404 2048 nomen
425 1984 491 2049 iam
512 1985 546 2050 in
569 1985 710 2050 omnium
733 2004 789 2050 ore
811 1985 920 2051 fnisse.

374 2085 442 2152 Neo
468 2093 576 2152 tamma
602 2088 691 2169 prius
719 2087 834 2152 iterum
862 2094 1127 2153 commemoratur
1156 2107 1252 2171 quam
1284 2087 1437 2156 ducentos

287 2188 354 2254 fere
376 2193 449 2272 post
469 2208 571 2255 annos
593 2188 884 2255 Alexandrinorum
907 2191 1102 2274 temporibus
1128 2189 1385 2275 aLyoophrone
1406 2193 1437 2255 in
1523 2209 1524 2264 l

286 2290 474 2356 Alexandra
494 2294 536 2366 (v.
554 2294 620 2364 let:

461 2439 591 2527 Κρόνου
614 2433 697 2528 παρ’
724 2439 828 2506 αἰπὺν
850 2437 965 2524 ὄχθον,
989 2441 1075 2510 ἔνθα
1095 2447 1249 2536 γηγενοῦς

459 2543 578 2609 ἵππων
600 2543 763 2632 ταρακτής
785 2542 875 2611 ἐστιν
894 2538 1034 2626 Ἰσχένου
1056 2543 1175 2633 τάφος.

286 2697 335 2762 lix
357 2698 465 2779 priore
487 2717 583 2764 versu
598 2697 821 2782 Olympionem
841 2700 1062 2782 Taraxippum
1084 2699 1205 2766 dietum
1227 2720 1300 2768 esse
1324 2704 1435 2770 elueet.
1523 2783 1524 2798 χ

285 2799 374 2866 Cave
403 2806 511 2866 autem
534 2799 575 2865 de
597 2801 670 2865 loeo
691 2800 870 2885 Taraxippi
899 2822 941 2867 ex
963 2800 1014 2867 his
1036 2801 1144 2869 verbis
1172 2803 1298 2886 aliquid
1320 2807 1435 2872 eortius

285 2902 401 2968 elioere
431 2903 551 2985 cupias.
596 2903 679 2968 Nam
709 2899 795 2966 ἔνθα
823 2903 867 2969 ad
895 2904 998 2970 solum
1021 2895 1126 2983 ὄχθον
1147 2905 1267 2972 referre
1290 2911 1435 2974 vetamur

284 3004 444 3087 expressis
460 3004 641 3070 Pausaniae
656 3004 772 3088 verbis,
797 3005 852 3088 qui
873 3006 907 3070 in
928 3025 1048 3089 aggere
1068 3027 1156 3072 aram
1178 3009 1326 3091 aepulare
1349 3012 1434 3076 simi-

284 3106 348 3171 lem
370 3108 509 3189 positam
530 3107 629 3173 fuisse
652 3113 793 3173 testatur
828 3108 935 3173 Verba
950 3104 1081 3191 Κρόνον
1100 3130 1170 3193 παρ
1203 3106 1306 3175 αἰπον
1330 3103 1434 3226 exhor
1523 3161 1524 3192 3

284 3207 366 3273 nihil
388 3208 478 3274 aliud
501 3207 683 3292 significant
703 3209 766 3275 uisi
789 3210 917 3276 omnino
940 3209 1134 3294 Olympiam.

369 3308 483 3392 Neque
515 3312 667 3376 intererat
698 3310 922 3395 Lycophronis
956 3319 1077 3378 eertum
1109 3313 1296 3397 Taraxippo
1329 3316 1432 3384 loenm

282 3412 459 3492 assignare,
482 3412 556 3494 sed,
579 3418 614 3477 ut
636 3413 733 3496 solet,
756 3413 938 3479 ostentandi
959 3433 998 3480 aa
1024 3413 1190 3480 doetrinae
1212 3435 1311 3483 eausa
1331 3437 1431 3486 remo·
1523 3479 1524 3510 ¹

282 3512 439 3577 tissimam
454 3513 595 3579 fabulam
610 3533 764 3598 promere.
801 3514 872 3581 Ηοο
887 3522 936 3581 est
949 3516 1087 3600 primum
1103 3523 1135 3582 et
1148 3537 1246 3583 unum
1268 3539 1297 3585 a.
1314 3519 1387 3586 Chr.
1402 3543 1431 3587 n.

281 3615 499 3681 testimonium
527 3615 608 3682 nihil
637 3617 727 3681 dubii
759 3617 959 3701 relinquens,
994 3638 1056 3700 quo
1087 3619 1230 3686 fabulam
1257 3622 1430 3707 Taraxippi

281 3717 380 3783 fuisse
409 3717 571 3784 discimus.
615 3718 769 3785 Proxima
796 3740 861 3785 non
888 3726 963 3785 ante
985 3720 1186 3804 reperiuntur
1212 3742 1307 3805 qnam
1328 3724 1430 3808 Impe-

280 3825 420 3884 ratorum
446 3820 662 3886 Romanorum
689 3827 795 3887 aetate
825 3823 955 3887 ineunte
983 3823 1085 3889 altero
1113 3843 1145 3906 p.
1168 3822 1226 3889 ch.
1249 3844 1280 3890 n.
1304 3827 1428 3892 saeoulo
1523 3823 1524 3860 ¹

280 3922 367 4003 apud
384 3922 522 3988 Diouem
538 3921 801 4006 chrysostomum
823 3925 856 3989 in
879 3924 1023 3990 oratione
1038 3925 1177 3990 XXXII.
1201 3928 1244 4009 (p.
1262 3927 1321 3990 691
1339 3930 1378 4001 R)
1399 3932 1428 3994 et
1523 3945 1524 3988 l

280 4023 366 4105 apud
382 4024 575 4090 Pausaniam
599 4024 735 4090 diversis
758 4026 847 4110 loeis,
871 4045 950 4108 quos
971 4026 1142 4108 postmodo
1161 4025 1321 4093 afferendi
1341 4049 1426 4096 oeea·

280 4127 403 4190 sionem
427 4127 602 4192 nanciscar.
648 4125 835 4209 singulares
864 4126 1023 4210 quaedam
1053 4128 1246 4214 mentiones,
1276 4131 1425 4214 imprimis
1523 4131 1524 4150 ¹
