3072 5012
294 379 354 438 106
592 378 621 433 C.
649 378 699 432 DE
717 375 902 434 Mausolus
920 377 1141 446 QUIBUSDAM.

292 551 400 619 decies
423 551 543 618 circum
569 556 687 616 metam
710 547 847 633 (τύμβον
868 551 906 620 Ο.
922 550 1148 636 Schneiderus,
1172 556 1292 638 φίτρον
1311 553 1463 620 Hecke·

291 653 356 730 rus)
380 651 540 736 quendam
562 650 692 721 flexisse
715 673 826 720 versus
849 661 898 720 est
919 655 1087 721 sententia
1127 655 1219 724 Haec
1241 657 1282 723 de
1303 655 1463 739 longitu-

291 753 366 820 dine
388 755 510 839 spinae.

376 857 478 924 Venio
500 857 543 922 ad
564 857 846 940 latitudinem,
869 857 910 924 de
933 877 997 941 qua
1011 877 1051 924 ne
1067 877 1164 923 uuum
1187 858 1319 942 quidem
1340 860 1462 926 diser·

290 965 358 1025 tum
372 960 589 1026 testimonium
611 966 725 1027 exstat
762 958 921 1043 Coniugio
939 960 1037 1042 igitur
1057 958 1101 1025 ad
1122 959 1278 1027 rationem
1300 968 1333 1028 et
1355 963 1459 1045 cogi·

289 1063 443 1128 tationem
465 1061 626 1146 profectus
648 1063 689 1127 ab
712 1063 769 1128 illo
792 1060 964 1127 Pindarico
985 1063 1056 1128 loco
1079 1061 1186 1146 (Pyth.
1202 1063 1230 1129 V
1247 1068 1288 1128 50
1303 1063 1459 1147 Bergkn

386 1210 419 1279 ἐν
441 1211 757 1297 τεσσαράκοντα
779 1209 842 1299 γὰρ
866 1210 1083 1278 πετόντεσσιν
1106 1206 1254 1296 ἁνιόχοις
1275 1205 1356 1279 ὅλον

387 1314 508 1402 δίφρον
529 1312 683 1398 κομίξαις
705 1308 844 1400 ἀταρβεῖ
864 1319 963 1400 φρενί

384 1402 489 1502 ἦλθες
511 1411 573 1506 ἤδη
595 1415 732 1500 Λιβύας
753 1416 873 1484 neena
895 1416 929 1494 ss
952 1409 1084 1502 syram

385 1512 520 1593 ἀεθλιῦν
541 1523 598 1587 καὶ
620 1522 796 1604 πατρωΐαν
819 1517 931 1585 πόλιν.

287 1673 339 1738 Ex
361 1671 422 1740 boc
444 1675 516 1741 loco
544 1681 689 1758 apertum
712 1680 762 1740 est
788 1672 1003 1757 quadraginta
1028 1672 1203 1756 quadrigas
1225 1693 1288 1740 nno
1311 1674 1450 1741 eodem-

288 1795 351 1858 que
373 1776 473 1842 missu
495 1777 528 1841 in
551 1773 688 1859 Pythico
711 1775 772 1843 boc
800 1776 973 1841 certamine
1003 1780 1159 1857 certasse,
1187 1794 1247 1841 nec
1274 1777 1448 1864 intellego,

287 1896 387 1959 quare
410 1877 541 1961 quidam
563 1878 697 1943 nimium
718 1897 789 1944 esse
812 1876 895 1943 hunc
921 1895 1087 1942 numerum
1107 1877 1170 1942 rati
1192 1878 1290 1943 aliam
1313 1886 1448 1947 senten-

287 1979 366 2044 tiam
387 2015 429 2026 -
452 1999 627 2063 quaenam,
655 2000 719 2046 non
747 1979 858 2046 dicunt
879 2013 919 2022 -
941 1978 1050 2044 verbis
1079 1979 1211 2046 subesse
1236 1979 1445 2048 arbitrentur.

286 2080 446 2148 Numerus
467 2079 716 2166 τεσσαράκοντα
737 2100 801 2147 non
822 2086 930 2164 potest
951 2086 1117 2164 corruptus
1135 2099 1216 2166 esse,
1239 2082 1317 2164 quia
1339 2084 1446 2150 mino·

285 2201 354 2248 rem
376 2188 477 2249 metro
498 2191 608 2268 aptum
630 2185 688 2249 vix
709 2184 860 2266 reperies.
895 2182 1000 2249 Simul
1014 2181 1173 2265 videmus,
1197 2202 1294 2265 quam
1310 2185 1446 2252 casibus

286 2285 427 2353 obnoxia
448 2286 506 2352 illa
528 2287 704 2352 certamina
725 2286 861 2368 fuerint,
886 2283 1047 2368 siquidem
1068 2283 1226 2368 (larrboti,
1249 2286 1306 2367 qui
1329 2287 1445 2354 salvus

285 2387 328 2453 ad
351 2388 473 2454 calcem
492 2391 641 2473 pervenit
655 2381 808 2474 (ἀταρβεῖ
827 2389 925 2472 φρενί
939 2414 982 2438 =
997 2377 1176 2472 ἀκηράτοις
1191 2381 1304 2462 ἁνίαις
1325 2409 1357 2453 v.
1376 2390 1445 2471 33),

284 2491 405 2555 aemuli
433 2491 648 2575 quadraginta
675 2493 728 2566 (an
750 2489 1087 2573 undequadragintai)
1107 2489 1336 2556 detrimentum
1355 2490 1445 2556 fece·

283 2597 366 2656 runt.
403 2591 475 2658 Hoc
496 2599 603 2659 autem
626 2593 767 2659 concedo
790 2591 1004 2675 quadraginta
1018 2590 1247 2674 quadrigarum
1269 2611 1444 2657 nnmerum

283 2713 343 2777 pro
355 2713 415 2759 usu
425 2714 586 2779 magnum,
602 2694 738 2760 fortasse
749 2695 924 2760 maximnm
935 2713 1016 2775 esse,
1032 2694 1088 2777 qui
1103 2693 1273 2760 decurrere
1287 2697 1444 2780 potuerit,

284 2794 362 2876 quia
381 2801 488 2878 poeta,
512 2802 547 2861 ut
568 2793 758 2861 Oarrbotum
779 2795 902 2862 maiore
924 2795 1021 2862 laude
1042 2797 1187 2880 extollat,
1211 2815 1283 2862 eum
1307 2797 1443 2864 omnino

283 2895 387 2962 affert.
886 2919 891 2932 ·

368 2997 519 3064 Totidem
542 3017 620 3065 vero
642 2998 685 3065 ad
708 2999 884 3079 minimum,
912 3004 990 3082 quot
1012 2997 1200 3082 Delphicus,
1226 2997 1442 3084 Olympiacus

283 3098 513 3184 hippodromus
542 3103 680 3186 spatium
709 3101 897 3186 praebuisse
924 3099 1085 3184 putandus
1112 3107 1169 3167 est.
1214 3099 1250 3167 Si
1272 3101 1371 3184 igitur
1394 3105 1442 3170 ad

282 3202 425 3285 singulas
448 3203 622 3288 quadrigas
643 3203 846 3288 recipiendas
876 3203 1031 3269 stationes
1054 3203 1120 3266 3m
1143 3203 1313 3270 latitudine
1338 3204 1440 3271 suffe-

282 3305 365 3371 cisse
388 3307 552 3390 sumimus,
575 3307 661 3374 basis
683 3325 798 3389 prorae
814 3304 870 3372 SD
892 3303 936 3370 ad
958 3304 1123 3370 minimum
1148 3309 1208 3369 120
1225 3326 1256 3370 m
1279 3307 1346 3372 lata
1368 3314 1442 3373 erat

284 3406 371 3484 (vids
400 3407 438 3472 G.
462 3407 637 3475 Hermanni
663 3409 921 3492 explicationem.
955 3407 1052 3490 Hipp.
1076 3404 1204 3492 Olymp.
1227 3427 1259 3491 p.
1284 3411 1352 3491 10),
1382 3411 1437 3474 cui

282 3509 387 3592 spatio
414 3509 508 3575 rostri
536 3508 673 3575 latitudo
704 3510 907 3594 inexplorata
937 3507 1090 3574 addenda
1122 3514 1180 3576 est
1231 3509 1330 3577 Porro
1361 3530 1435 3576 cum

282 3617 451 3694 utrumque
478 3630 593 3694 prorae
622 3612 705 3678 latus
732 3613 806 3695 plus
834 3611 1084 3694 quadringentos
1111 3611 1212 3695 pedes
1241 3613 1434 3690 (=120m)

281 3713 380 3779 latum
408 3713 508 3780 fuisse
530 3713 708 3780 Pausanias
737 3715 807 3796 ipse
835 3719 968 3780 testetur
997 3714 1119 3797 (Vico,
1137 3715 1204 3798 11),
1233 3713 1342 3779 omnia
1371 3715 1433 3780 tria

279 3833 395 3898 prorae
417 3816 519 3882 latera
540 3816 632 3899 paria
646 3816 729 3881 inter
744 3835 779 3881 se
801 3814 900 3881 fuisse
924 3813 1069 3881 efficitur.
1104 3813 1200 3893 Quod
1215 3815 1336 3899 optime
1358 3836 1434 3882 con·

280 3918 390 3983 venire
412 3937 506 3984 nemo
529 3916 724 3982 infitiabitur.
897 3999 900 4010 Ἰ

363 4019 434 4088 Hoc
455 4020 570 4086 baseos
592 4019 729 4101 spatium
751 4018 778 4084 si
801 4016 1013 4102 duplicamus,
1036 4018 1079 4084 ad
1101 4019 1197 4086 totius
1219 4037 1337 4086 arenae
1360 4021 1430 4086 lati·

279 4119 422 4187 tudinem
444 4121 658 4205 pervenimus,
682 4140 765 4203 quae
788 4126 837 4187 est
859 4123 921 4184 240
937 4141 978 4184 m.
