3072 5012
504 389 534 445 B.
560 389 611 443 DE
630 389 850 445 TARAXIPPO.
1209 387 1249 446 93
1322 347 1324 358 1

71 565 411 648 lexicographorum,
435 564 621 648 posterioris
637 564 733 628 etiam
757 562 871 629 aetatis
891 568 963 628 sunt
984 581 1043 627 nec
1065 561 1141 627 novi
1161 561 1250 649 ¹quio·

74 688 194 751 quarn
217 669 377 750 prioribus
399 666 530 732 addunt.
554 701 596 710 -

181 769 228 836 Ut
251 768 451 835 heroicorum
466 775 645 850 temporum
660 765 822 849 equestria
837 766 1012 831 certamina
1032 765 1250 831 describentes

74 871 179 955 epici
204 879 322 953 poetae
343 871 450 935 tristes
472 889 565 935 casus
587 869 629 934 ad
652 868 798 933 divinum
822 869 1036 934 interventum
1058 867 1250 950 referebant,

77 974 133 1040 sic
165 979 286 1056 postea
314 973 347 1036 in
375 971 453 1054 ipsis
481 969 702 1054 hippodromis
731 969 878 1035 homines
900 991 1001 1052 prava
1026 969 1251 1052 superstitione

77 1075 230 1140 deducti
261 1074 436 1139 malevolos
459 1072 634 1138 daemones
663 1072 855 1138 discriminis
877 1079 1025 1138 auctores
1048 1091 1118 1138 esse
1142 1070 1251 1135 crede-

76 1178 182 1243 bant.
221 1176 458 1241 Multitudinem
481 1176 642 1240 variarum
663 1174 844 1239 fabularum
868 1173 1044 1240 Pausanias
1066 1175 1112 1246 (in
1126 1173 1181 1237 lib.
1195 1170 1250 1236 Vl.

81 1298 166 1361 cap.
186 1278 260 1342 XX.
287 1280 424 1353 16-19)
446 1277 618 1359 diligenter
640 1277 813 1359 integram,
844 1283 878 1342 ut
906 1277 1049 1358 videtur,
1080 1275 1251 1357 congessit.

80 1381 247 1462 Longum
270 1386 436 1445 estunam
458 1397 619 1460 quamque
642 1397 751 1442 earum
774 1379 947 1461 separatim
968 1377 1170 1461 perscrutari.
1213 1374 1253 1439 ld

80 1483 195 1548 modo
212 1481 361 1564 conabor,
377 1481 405 1546 si
421 1481 607 1546 veterrimas
624 1498 641 1544 e
657 1481 752 1563 copia
766 1499 934 1546 secernere
945 1481 1118 1561 contingat.
1148 1476 1252 1555 Quam

82 1584 245 1667 quisquis
274 1583 521 1664 percucurrerit,
551 1583 656 1664 primo
685 1583 796 1648 obtutu
824 1584 859 1647 in
881 1590 945 1649 tres
967 1588 1074 1665 partes
1098 1588 1251 1646 secernet.

82 1687 207 1750 Prima
229 1704 304 1766 pars
327 1685 359 1762 (ἓ
376 1687 464 1748 lbet
480 1687 531 1757 17)
553 1684 680 1749 fabulas
703 1682 849 1750 heroicas
873 1685 1022 1751 continet.
1063 1683 1175 1748 Altera
1196 1682 1252 1749 ho-

83 1788 194 1852 minis
210 1787 363 1869 Aegyptii
379 1785 561 1851 narratione
577 1786 701 1852 inclusa
721 1793 770 1851 est
793 1787 900 1865 (§18).
935 1788 994 1852 His
1017 1787 1156 1868 denique
1179 1806 1252 1851 oon·

83 1889 197 1954 traria
221 1894 269 1953 est
284 1888 505 1970 Taraxippum
528 1906 705 1970 cognomen
721 1907 792 1954 csse
806 1889 948 1971 Neptuni
963 1889 1128 1970 Equestris
1142 1890 1173 1965 (§
1191 1890 1252 1962 18).

86 1992 255 2075 Alteram,
272 1991 391 2072 quippe
407 2008 490 2071 quae
505 1988 547 2053 ad
563 1990 722 2071 magicam
738 1991 994 2072 superstitionem
1013 1989 1133 2071 redeat,
1149 1991 1254 2072 prima

84 2092 310 2158 recentiorem
344 2110 415 2156 esse
441 2089 528 2155 haud
554 2089 687 2156 difficile
712 2098 760 2157 est
784 2091 971 2157 diiudicatu.
1024 2092 1253 2156 Retinebantur

88 2195 184 2259 enim
205 2211 247 2258 ex
262 2193 320 2257 illa
334 2194 439 2276 prima
453 2190 588 2257 heroum
604 2193 734 2275 Pelopis
750 2198 782 2257 et
798 2191 953 2258 Oenomai
975 2193 1115 2274 nomina,
1138 2193 1253 2274 quibus

88 2313 222 2376 recens,
245 2301 280 2359 ut
302 2295 348 2360 ita
366 2295 483 2376 dicam,
506 2295 731 2360 vestimentum
755 2294 900 2359 indutum
925 2302 973 2361 est
996 2296 1121 2376 magica
1143 2313 1252 2377 supcr-

90 2397 231 2462 stitione
253 2396 409 2462 adbibita.
444 2397 505 2462 Ars
520 2397 648 2477 magica
663 2416 856 2478 quamquam
872 2398 913 2461 ab
928 2397 1159 2479 antiquissimis
1175 2402 1252 2460 tem-

89 2498 232 2581 poribus
256 2499 411 2580 originem
435 2498 543 2581 duxit,
573 2505 679 2563 tamen
702 2518 904 2580 nequaquam
926 2497 1152 2581 progrediente
1174 2504 1251 2562 tem·

91 2619 176 2682 pore
199 2602 304 2682 magis
328 2600 495 2681 magisque
512 2602 651 2681 evanuit,
674 2600 770 2664 immo
787 2601 883 2665 ctiam
899 2601 1131 2683 Imperatorum
1146 2605 1253 2665 aetate

90 2703 128 2766 in
144 2702 242 2768 circis
258 2702 514 2767 luxuriosissime
529 2700 673 2784 florebat,
691 2704 781 2767 cuius
792 2702 839 2767 rei
851 2702 1137 2768 luculentissimum
1152 2701 1253 2768 habes

92 2804 283 2886 exemplum
299 2804 425 2867 titulum
437 2803 581 2870 Africum
598 2805 630 2868 in
643 2802 725 2868 Bull.
739 2804 781 2869 de
796 2823 876 2869 corr.
889 2803 964 2868 bell.
981 2805 1045 2868 vol.
1058 2802 1131 2867 Xll.
1147 2822 1177 2885 p.
1191 2806 1253 2866 294

93 2905 287 2971 exhibitum.
333 2903 482 2970 Ceterum
505 2905 631 2986 confer,
663 2923 745 2986 quae
767 2903 1036 2970 Friedlaenderus
1065 2904 1097 2967 in
1120 2903 1254 2969 historia

92 3026 223 3072 morum
238 3007 456 3073 Romanorum
473 3007 537 3070 vol.
553 3006 594 3070 Il.
611 3025 642 3088 p.
660 3009 720 3070 309
738 3003 779 3070 de
793 3007 921 3088 magica
943 3008 975 3070 in
993 3007 1087 3071 circis
1103 3008 1253 3072 Romanis

93 3109 233 3191 vulgata
254 3108 443 3190 disputavit.
490 3108 540 3172 Ne
563 3107 624 3173 hoc
653 3107 783 3190 quidem
806 3109 893 3172 casui
919 3108 1072 3189 tribuam,
1103 3106 1188 3189 quod
1211 3109 1252 3172 ab

92 3210 261 3293 Aegyptio
284 3208 415 3274 homine
439 3209 521 3274 haec
543 3218 720 3294 narrantur,
743 3216 852 3292 utpote
868 3210 900 3273 in
916 3210 1006 3274 cuius
1025 3210 1130 3291 patria
1145 3229 1253 3292 supcr-

96 3311 189 3376 stitio
212 3310 270 3374 illa
291 3331 411 3393 magna
433 3330 474 3375 ex
496 3317 588 3393 parte
610 3317 681 3375 orta
703 3312 873 3377 foveretur.
915 3312 964 3376 Ac
986 3331 1026 3375 ne
1049 3313 1161 3376 tertiae
1185 3313 1253 3394 qui·

96 3411 175 3477 dem
196 3414 383 3491 sententiae,
408 3431 505 3493 quam
521 3412 697 3478 Pausanias
713 3419 840 3495 praeter
860 3418 984 3478 ceteras
1007 3414 1130 3496 probat,
1153 3415 1253 3480 maio·

95 3533 167 3580 rem
203 3532 298 3595 quam
330 3515 454 3596 primae
488 3519 680 3578 vetustatem
714 3515 922 3597 assignarim,
957 3515 1043 3596 quod
1075 3515 1253 3598 Taraxippi

97 3634 280 3696 cognomen
302 3615 485 3698 Neptunum
510 3617 685 3697 antiquitus
715 3615 864 3680 babuisse
894 3616 936 3680 ab
966 3617 1052 3680 omni
1075 3617 1144 3680 veri
1167 3617 1253 3681 simi-

96 3716 238 3781 litudine
266 3717 426 3783 abhorret.
471 3713 640 3793 Quomodo
671 3718 754 3781 enim
784 3715 865 3781 haec
892 3719 975 3782 inter
1003 3735 1038 3782 se
1061 3718 1255 3783 conveniunt

95 3819 285 3901 Neptunum
309 3819 377 3883 eius
399 3819 565 3900 animalis,
589 3819 675 3900 quod
698 3818 820 3883 creavit
845 3826 1050 3900 creatumque
1072 3818 1105 3880 in
1127 3818 1254 3885 deliciis

97 3939 229 4002 semper
245 3920 394 4002 babebat,
418 3920 621 3986 formidinem
638 3921 777 3986 existere
793 3939 831 3985 ac
848 3917 1046 4002 perniciem?
1079 3919 1161 3983 Tam
1183 3940 1252 4003 per·

97 4040 199 4088 versa
221 4023 330 4104 opinio
354 4029 421 4087 tum
443 4023 572 4088 demum
594 4024 670 4088 oriri
692 4028 724 4086 et
751 4021 936 4106 pervulgari
958 4020 1076 4102 potuit,
1106 4041 1178 4086 oum
1200 4043 1253 4088 ve·
1358 4093 1360 4098 ,

96 4129 187 4189 tusta
207 4123 266 4188 illa
288 4123 330 4188 de
351 4124 501 4206 Neptuno
533 4126 608 4207 equi
637 4130 780 4190 creatore
808 4123 919 4187 fabula
948 4122 1111 4187 oblivione
1140 4124 1255 4190 obruta
