3076 5020
294 341 333 398 10
571 339 605 394 Δ.
633 339 683 394 DE
701 339 939 396 HlPPODROblO
957 337 1156 396 HOMERIOO.

377 509 554 590 πολλάκις·
578 504 655 578 οὐδὲ
675 539 733 596 μιν
756 510 880 590 ἐσθλὸς
903 509 965 578 biv
988 510 1186 600 Καπανήιος
1208 508 1281 588 υἱὸς

377 613 513 702 κάμψαι
535 612 699 681 tarouca
718 620 840 701 χερσὶν,
864 611 960 682 ἐπεί
981 607 1013 704 ῤ’
1040 613 1103 682 ἔτι
1125 617 1215 700 νῆις
1238 606 1412 678 ἀέθλων

377 718 510 795 ἵππος
533 716 616 804 b'pu·
638 719 731 805 γενεῇ
753 741 790 802 ys
810 717 871 800 μὲν
894 709 932 783 οὗ
954 715 1062 798 κακός,
1086 709 1171 782 ἀλλὰ
1194 720 1296 782 docto

378 823 566 886 θεσπέσιον
587 822 681 904 γένος
703 817 796 886 boues
814 811 979 906 Ἀρίονος.

294 938 364 1021 (cfr.
380 939 477 1007 ctiam
492 939 650 1025 Koecblyi
672 939 943 1024 commentarium,
966 937 1020 1021 qui
1036 943 1101 1004 tres
1123 935 1244 1004 similes
1258 938 1346 1006 locos
1369 959 1453 1006 cnm

292 1043 354 1110 boc
382 1041 569 1127 comparat.)
615 1042 706 1109 Idem
739 1043 817 1108 tacit
848 1042 934 1109 illius
963 1048 1056 1128 pater
1087 1039 1314 1108 inclutissimus
1342 1041 1453 1107 Arion

292 1144 380 1231 apud
395 1144 544 1230 Statium,
565 1151 601 1212 ut
623 1145 683 1211 boc
705 1143 884 1212 hereditate
907 1144 1057 1212 traditum
1072 1148 1185 1229 putare
1206 1142 1311 1228 possis
1324 1142 1450 1226 (Theb.

293 1247 337 1313 VI
359 1245 453 1329 4¹3l²
716 1314 786 1382 Nec
808 1335 871 1382 non
893 1322 925 1382 ct
946 1313 1124 1382 Thessalus
1145 1313 1240 1381 beros

421 1415 488 1501 Spe
509 1415 656 1501 propiore
678 1417 772 1501 calet,
795 1415 872 1484 dum
894 1436 957 1484 non
980 1415 1148 1484 cohibente
1170 1417 1323 1501 magistro

420 1519 587 1604 Spargitur
608 1519 641 1584 in
662 1538 760 1604 gyros
782 1518 959 1603 dexterque
982 1525 1108 1586 exerrat
1129 1518 1237 1586 Arion.

377 1639 490 1720 Itaque
506 1637 560 1720 qui
582 1656 682 1721 equos
704 1637 739 1706 in
754 1643 914 1708 certamen
936 1638 1062 1706 mittere
1076 1639 1238 1723 volebant,
1261 1637 1307 1706 eis
1329 1638 1363 1705 id
1384 1661 1448 1725 po·

292 1740 451 1809 tissimum
472 1738 664 1809 studendum
686 1751 766 1825 crat,
786 1747 822 1808 ut
843 1741 917 1809 illos
939 1749 1043 1808 artum
1065 1743 1244 1809 anfractum
1267 1745 1299 1810 et
1321 1746 1446 1826 tempe-

292 1849 395 1910 ratam
417 1843 558 1928 corporis
580 1843 858 1927 conglobationem
880 1843 1047 1929 docerent,
1077 1843 1162 1926 quod
1183 1844 1333 1912 Pbacdra
1354 1845 1448 1929 apud

292 1945 444 2013 Ovidium
464 1945 498 2010 in
513 1944 696 2031 'Hippolyto
718 1946 850 2014 miratur
873 1946 1016 2030 (Heroid
1032 1947 1077 2013 lV
1099 1949 1139 2010 79
1151 1945 1229 2030 sq.):

447 2063 524 2133 Sive
545 2065 660 2132 ferocis
683 2067 758 2149 equi
777 2067 933 2133 luctantia
954 2065 1038 2133 colla
1061 2085 1219 2150 recurvas,

493 2169 619 2254 Exiguo
640 2168 742 2237 flexos
763 2169 860 2236 miror
880 2169 914 2234 in
936 2168 1013 2236 orbe
1034 2167 1142 2253 pedes.

293 2287 330 2354 ld
352 2307 429 2354 vero
451 2293 487 2353 ut
508 2294 693 2356 exercerent
714 2289 747 2354 in
764 2288 900 2374 privatis
922 2287 1096 2371 curriculis,
1117 2286 1270 2373 peculiari
1285 2293 1445 2354 metarum

292 2409 409 2474 genere
428 2410 483 2456 cos
505 2411 579 2458 usos
602 2411 753 2459 essenon
772 2411 902 2477 possum
923 2412 986 2458 non
1005 2390 1144 2458 credere.
1179 2389 1272 2469 Quod
1290 2409 1390 2474 genus
1409 2391 1444 2456 in

293 2491 484 2574 quibusdam
513 2494 698 2577 agonisticis
723 2494 935 2560 monumentis
962 2493 1125 2578 adpictum
1152 2491 1248 2560 video
1271 2489 1443 2576 (Gerbard,

292 2595 416 2661 Auserl.
439 2614 484 2676 gr.
508 2594 545 2660 V.
569 2594 750 2663 CCLXVll.
793 2597 873 2663 blus.
896 2595 991 2680 Greg.
1015 2596 1078 2661 vcl.
1099 2596 1140 2662 Π.
1163 2596 1229 2662 tab.
1245 2595 1342 2660 XXII
1366 2595 1442 2678 ta).

292 2696 421 2763 Habent
443 2697 581 2780 speciem
604 2698 704 2765 boleti
724 2699 855 2783 inversi,
878 2697 967 2766 cuius
982 2697 1068 2766 orbis
1089 2702 1207 2764 terram
1229 2704 1362 2782 premat,
1385 2719 1441 2782 pe-

294 2799 418 2865 diculus
446 2799 479 2864 in
507 2799 608 2865 allum
638 2808 761 2867 erectus
789 2802 840 2868 sit.
884 2800 977 2880 Quod
1005 2806 1113 2866 autem
1134 2799 1359 2882 gravissimum
1381 2807 1442 2884 cst,

293 2923 357 2969 non
379 2902 412 2967 in
433 2909 517 2966 terra
538 2901 639 2985 fixae,
662 2903 720 2970 sed
741 2904 877 2970 mobiles
899 2909 979 2969 sunt.
1024 2902 1114 2968 Fixis
1136 2902 1221 2968 enim
1244 2901 1335 2968 metis
1357 2901 1442 2967 siin

294 3003 573 3071 exercitationibus
595 3005 644 3072 usi
666 3011 787 3087 essent,
811 3006 896 3073 idem
919 3024 1044 3089 semper
1066 3004 1242 3088 periculum
1264 3011 1333 3070 erat
1355 3004 1441 3086 quod

292 3109 326 3173 in
347 3105 485 3192 publicis
507 3106 749 3191 certaminibus,
777 3129 818 3175 ne
839 3113 925 3174 meta
948 3107 1060 3174 mllisa
1082 3127 1190 3173 currus
1214 3112 1440 3174 everterentur.

291 3211 373 3277 Illae
394 3230 471 3284 vero
494 3216 598 3276 metae
614 3229 654 3274 ex
677 3210 758 3276 levis
774 3210 924 3294 ponderis
946 3211 1034 3292 ligno
1049 3211 1154 3275 factae
1177 3208 1344 3292 cedebant,
1368 3228 1440 3275 curn

293 3312 379 3378 orbis
401 3331 526 3394 earnm,
556 3330 618 3393 quo
641 3319 676 3378 ut
697 3318 783 3380 stare
804 3318 934 3396 possent
956 3331 1036 3396 opus
1059 3318 1136 3395 erat,
1158 3312 1393 3396 impingebatur
1405 3313 1439 3388 ¹).

293 3416 465 3480 Praeterea
486 3414 601 3481 abenei
630 3415 718 3481 anuli
741 3415 896 3497 ampliore
919 3434 1015 3498 quam
1036 3419 1123 3481 meta
1151 3415 1440 3499 circumscriptione

294 3516 413 3600 petiolo
442 3515 644 3601 circumdati,
673 3518 784 3599 quales
813 3517 845 3582 in
876 3519 981 3602 priore
1007 3517 1179 3601 imaginum
1210 3537 1308 3601 supra
1329 3518 1438 3584 lauda·

294 3626 397 3685 tarum
420 3624 660 3701 cognoscuntur,
683 3639 723 3685 ne
746 3620 815 3704 ipse
830 3625 957 3685 truncus
981 3621 1067 3703 tangi
1090 3627 1209 3705 posset,
1231 3619 1438 3703 impedivissc
1531 3619 1532 3648 ³

293 3720 371 3786 mihi
393 3719 550 3786 videntur.

382 3860 406 3921 1)
423 3846 467 3908 Ex
485 3855 585 3910 nostris
609 3856 752 3925 palaestris
775 3856 840 3912 licet
857 3855 1064 3912 exercitationes
1087 3856 1115 3912 in
1132 3857 1217 3911 altum
1234 3855 1348 3912 saliendi
1366 3872 1435 3911 com·

293 3956 407 4011 parare:
430 3940 527 3996 milites
550 3942 620 3996 enim
637 3942 680 3996 vel
696 3942 812 4012 gymnici
828 3943 857 3996 in
875 3942 1017 4011 palaestris
1040 3957 1122 4012 super
1138 3942 1223 3996 linum
1240 3941 1303 4011 pedi
1319 3943 1437 4012 tangenti

294 4026 391 4082 cedens
408 4025 488 4082 salire
500 4026 640 4082 exercitati
651 4027 680 4080 in
697 4025 800 4096 campis
818 4041 900 4096 super
916 4027 1009 4082 mmas
1026 4027 1190 4097 stabilesque
1208 4042 1252 4083 res
1270 4027 1336 4082 dant
1353 4028 1435 4084 saltus

292 4111 507 4182 periculosiores.
