3072 5012
500 396 534 449 A.
562 394 612 448 DE
630 393 864 450 canebamus.
1219 395 1259 454 59

95 568 184 635 bac
212 589 257 635 ac
284 569 385 633 mira
413 567 554 650 oppidi
585 569 888 636 constructione
921 570 1039 636 effici
1068 569 1259 635 voluerit.

96 669 182 748 Qua
196 671 230 735 in
244 690 279 736 re
295 690 367 735 cum
382 690 404 734 a
418 669 588 752 Periegeta
602 676 709 734 nostro
724 690 853 753 prorsus
875 671 1095 753 destituamur,
1117 677 1259 737 nostrum

97 781 172 857 est,
202 772 246 838 ad
267 791 363 855 quem
388 770 484 836 finem
505 771 709 854 pertinuerit,
737 773 931 854 excogitare.
975 773 1130 856 Princeps
1152 780 1260 839 autem

96 875 359 956 uniuscuiusque
382 873 493 957 oppidi
515 871 588 938 finis
609 873 638 939 is
661 880 718 956 est,
744 881 780 939 ut
800 875 958 941 universis
981 875 1175 941 certantibus
1196 894 1261 940 una

98 976 288 1060 eademque
310 977 352 1042 sit
373 975 530 1042 condicio.
573 975 645 1041 Hoc
666 974 820 1042 artificem
841 975 933 1041 illum
956 978 1102 1042 omnibus
1125 995 1166 1042 ex
1188 996 1260 1058 par·

98 1080 194 1145 tibus
223 1079 344 1161 optime
370 1083 551 1144 assecutum
580 1095 652 1144 esse
679 1077 756 1142 iude
786 1078 938 1160 colligere
968 1079 1137 1160 debemus,
1174 1077 1260 1159 quod

98 1181 179 1264 ipse
201 1179 264 1246 hoc
291 1181 422 1247 invento
451 1180 592 1244 maxime
618 1179 825 1260 gloriabatur.
869 1179 908 1246 Id
930 1182 1107 1247 luculenter
1128 1185 1262 1245 testatur

99 1283 275 1365 inscriptio
304 1289 444 1364 statuae,
475 1301 571 1365 quam
593 1279 730 1347 Athenis
758 1283 801 1346 ab
830 1303 868 1348 eo
899 1283 1056 1366 sculptam
1084 1281 1261 1347 Pausanias

100 1385 202 1450 vidit.
210 1386 231 1462 ¹)
274 1383 354 1451 Gum
378 1384 463 1448 enim
485 1383 551 1448 alia
572 1402 699 1466 quoque
728 1403 826 1466 opera
855 1383 1001 1450 effecisse
1026 1383 1187 1466 putandus
1209 1383 1260 1464 sit,

102 1508 151 1554 ex
172 1486 321 1554 omnibus
344 1482 405 1551 boc
426 1484 581 1568 oppidum
603 1486 711 1568 elegit,
735 1485 821 1567 quod
842 1486 876 1550 in
891 1487 1090 1569 epigramma
1104 1486 1262 1568 reciperet

102 1594 177 1667 (142
209 1589 266 1654 καί
294 1589 462 1674 φρονῆσαί
490 1608 527 1669 γε
555 1583 613 1649 ἐπὶ
641 1587 690 1671 ru*
714 1581 889 1672 εὑρήματι,
921 1581 967 1662 ὥς
988 1587 1043 1651 καὶ
1067 1583 1261 1670 ἐπίγραμμα

103 1687 168 1756 ἐπὶ
191 1683 365 1771 άνόριάντι
386 1690 441 1772 τῷ
459 1679 645 1775 Ἀθήνῃσιν
669 1685 875 1773 ἐπιγράψαι·

248 1788 367 1876 ὅςτὴν
390 1788 584 1876 ἱππάφεσιν
607 1787 640 1854 ἐν
659 1781 828 1876 Ὀλυμπίᾳ
850 1782 968 1873 εἷίρατο
990 1792 1134 1873 πρῶτος,

290 1890 383 1969 τεῦξέ
396 1916 438 1974 με
453 1892 631 1968 Κλειοίτας
653 1889 725 1968 υίὸς
743 1885 1017 1975 Ἀριστοκλέους).

103 1998 262 2066 Aristidis
295 2015 372 2061 vero
405 1996 493 2078 quod
523 2003 596 2080 post
622 1995 785 2062 (lleoetam
818 1995 966 2061 adhibuit
998 1992 1167 2059 artificium
1199 2014 1264 2059 non

105 2103 150 2167 ad
172 2100 271 2165 totius
293 2098 406 2180 oppidi
427 2098 672 2180 iustitutionem,
702 2097 759 2163 scd
781 2097 824 2161 ad
849 2095 1015 2162 machinas
1043 2097 1147 2161 solum
1169 2097 1264 2160 corri-

105 2203 233 2287 gendas
254 2201 446 2283 pertinuisse
475 2218 517 2265 ex
545 2200 623 2282 ipsis
644 2200 785 2265 auctoris
812 2198 920 2264 verbis
946 2200 1051 2263 elucet
1078 2200 1148 2273 (14ε
1177 2196 1263 2260 Κλε-

107 2309 187 2369 οίτα
217 2300 255 2367 δέ
284 2321 388 2388 φασιν
415 2291 553 2382 ὕστερον
576 2292 787 2385 Ἀριστείδην
821 2305 945 2385 σοφίαν
973 2296 1050 2362 τινὰ
1078 2300 1134 2363 καὶ
1164 2291 1263 2362 αὐτὸν

108 2403 149 2481 ἐς
170 2401 216 2469 τὸ
240 2400 459 2489 μηχάνημα
483 2398 743 2486 ἐσενέγκασθαι).
782 2400 872 2478 Quae
895 2423 966 2468 cum
989 2402 1036 2467 ita
1050 2404 1123 2484 sint,
1147 2402 1207 2466 arti
1231 2408 1264 2467 et

106 2507 200 2573 laudi
223 2506 374 2574 (ileoetae
396 2508 424 2572 is
447 2507 568 2589 optime
591 2505 783 2586 satisfaciet,
807 2505 863 2586 qui
885 2506 1050 2570 inventum
1073 2504 1143 2570 eius
1166 2522 1262 2585 quarn

107 2608 378 2693 perfectissimum
400 2607 590 2688 restituerit,
622 2612 732 2689 utpote
755 2606 841 2688 quod
871 2606 968 2672 etiam
993 2606 1081 2673 duris
1103 2605 1263 2672 iudicibus

108 2712 208 2794 plane
229 2711 391 2794 probetur.
436 2706 543 2786 Quare
565 2707 593 2773 si
615 2708 687 2790 quis
709 2706 793 2773 banc
815 2727 883 2773 rem
905 2708 1068 2791 suscipere
1089 2707 1170 2772 tanti
1192 2726 1263 2773 esse

108 2819 216 2895 neget,
240 2812 326 2894 quod
349 2831 390 2876 ex
405 2810 513 2876 verbis
529 2808 709 2874 Pausaniae
731 2809 971 2876 diversissimae
992 2811 1209 2875 restitutiones
1232 2816 1264 2873 et

109 2915 241 2980 elicitae
264 2914 327 2979 sint
349 2921 381 2978 ct
404 2913 477 2978 elici
499 2912 633 2994 possint,
656 2912 684 2976 is
706 2931 814 2977 errore
836 2912 976 2977 ducitur:
1001 2912 1156 2978 habemus
1177 2911 1262 2976 enirn

108 3022 239 3098 praeter
271 3014 520 3097 descriptionem
548 3013 727 3078 Pausaniae
756 3014 848 3094 qnasi
877 3014 1059 3094 obrussam,
1094 3012 1137 3077 ad
1167 3031 1264 3095 quam

110 3116 302 3184 sententiam
324 3123 464 3182 nostram
487 3116 618 3198 exigere
641 3115 810 3199 possimus,
833 3115 1076 3197 perfectionem:
1101 3133 1177 3196 ergo
1199 3132 1263 3196 quo

109 3238 178 3302 qna
198 3218 355 3283 restitutio
371 3217 551 3283 Pausaniae
574 3218 681 3283 verbis
704 3217 776 3281 nisa
796 3216 968 3298 perfectior
990 3222 1047 3297 est,
1071 3235 1110 3281 eo
1132 3216 1263 3298 propius

108 3320 154 3385 ad
177 3318 329 3385 Oleoetae
350 3319 487 3402 primum
516 3319 681 3384 inventum
703 3318 875 3399 accedere,
905 3336 968 3400 quo
991 3338 1054 3400 qua
1076 3325 1126 3384 est
1147 3319 1263 3401 imper-

108 3421 234 3502 fectior,
258 3439 296 3484 eo
319 3421 446 3504 longius
469 3440 489 3484 a
511 3421 647 3486 veritate
670 3419 837 3486 discedere
860 3420 1075 3485 existimanda
1096 3426 1154 3487 est.
1194 3420 1263 3484 lam

109 3542 185 3589 cum
208 3521 338 3605 oppido,
361 3530 396 3587 ut
418 3522 688 3604 supradiximus,
711 3522 745 3586 id
767 3521 968 3603 potissimum
985 3521 1189 3587 efficiendum
1205 3528 1263 3603 est,

108 3632 148 3690 ut
168 3623 326 3689 uniuersis
349 3625 543 3690 certantibus
572 3623 708 3690 eandem
737 3622 959 3689 condicionem
980 3625 1151 3706 praebeat,
1180 3641 1263 3688 nunc

200 3813 224 3872 1)
240 3807 308 3872 124,
321 3810 350 3860 3:
375 3801 491 3878 Κράνος
507 3801 586 3860 ἐστίν
608 3802 786 3872 ἐπικείμενος
806 3797 879 3877 οἷνὴρ
899 3807 1052 3870 Κλεοίτου,
1075 3806 1126 3860 καί
1151 3801 1179 3859 οἳ
1196 3799 1265 3870 τοὺς

112 3887 220 3962 ὄνυχας
236 3885 381 3963 ἀργυροῦςι
401 3889 570 3962 ἐνεποίησεν
588 3883 604 3946 ὃ
624 3891 771 3954 Κλεοίτας.
809 3889 887 3943 Hanc
906 3894 1022 3943 statuam
1041 3890 1152 3944 eandem
1170 3888 1263 3954 fuisse,

113 3991 183 4044 qnae
206 3975 271 4029 illud
288 3975 452 4043 epigramma
474 3975 593 4041 ferebat,
617 3989 651 4028 ex
668 3975 783 4028 articulo
802 3978 844 4048 τῷ
860 3974 985 4042 apposito
1008 3973 1072 4028 licet
1090 3972 1262 4030 concludere.

111 4061 151 4116 Ut
168 4059 294 4129 permulti
315 4067 435 4114 veterum
456 4059 590 4115 artificum
613 4076 667 4115 non
685 4058 732 4114 uni
755 4063 861 4113 tautum
879 4060 931 4114 arti
956 4074 1066 4127 operam
1084 4059 1201 4122 dabant,
1224 4059 1263 4114 sic

114 4147 250 4201 clccetam
263 4160 370 4214 queque
381 4145 500 4201 videmur
512 4152 620 4215 praeter
631 4145 840 4200 architecturam
855 4145 936 4198 etiam
949 4145 1116 4214 sculpturam
1128 4159 1263 4203 exercere.
1349 4205 1351 4208 ,
