3072 5012
475 395 508 449 A.
536 393 587 447 DE
605 393 840 449 GARCERIBUS.
1196 399 1237 457 6?

68 565 262 634 dicionibus
285 565 341 632 alii
363 567 427 633 alio
451 567 545 632 modo
567 587 624 650 pro
648 586 686 632 eo
716 587 809 650 quem
833 565 1000 632 obtinebat
1021 567 1092 633 loco
1115 576 1238 634 certan-

69 669 158 735 dum
182 673 261 736 erat.
306 666 462 745 Quocirca
482 688 546 732 non
567 688 624 734 suo
648 669 782 750 quisque
805 669 960 733 arbitratu
982 669 1153 736 stationem
1175 671 1238 738 sibi

71 771 236 854 eligebat,
259 769 317 836 sed
334 769 534 851 sortiebatur,
557 790 597 835 ne
613 771 685 850 quis
700 790 770 835 eam
794 770 856 835 sibi
878 775 1050 853 arrogaret,
1075 771 1157 836 unde
1181 792 1234 837 cx-

71 871 238 940 currcndo
261 892 296 937 se
320 878 351 937 et
374 890 474 952 equos
496 872 700 954 exercuisset,
723 891 804 936 neve
820 872 926 955 plures
941 891 1037 936 unam
1054 878 1086 936 et
1101 871 1237 938 eandem

71 975 144 1040 sibi
180 973 390 1042 vindicarent.
440 973 613 1039 Sortitione
647 972 856 1057 factumest,
885 977 920 1038 ut
947 973 1162 1055 unusquisque
1195 974 1239 1039 ad

72 1097 195 1143 omnes
223 1076 378 1142 stationes
409 1081 441 1140 et
470 1073 613 1140 certandi
642 1073 755 1139 modos
777 1093 848 1139 cum
872 1074 917 1140 cis
941 1074 1124 1139 coniunctos
1146 1095 1237 1159 prae·

72 1183 214 1262 paratus
237 1179 270 1242 in
293 1185 454 1243 certamen
475 1175 692 1241 descenderet.
728 1175 792 1253 Qui
813 1175 900 1240 modi
923 1176 1034 1256 quales
1056 1176 1181 1259 luerint,
1203 1182 1239 1241 nt

73 1298 323 1363 cognoscamus,
346 1300 386 1343 ex
402 1299 436 1344 re
452 1279 511 1343 erit
526 1278 667 1362 singulos
683 1277 845 1362 agonistas
861 1276 902 1342 ab
919 1276 1038 1360 oppido
1054 1277 1096 1341 ad
1118 1285 1236 1344 metam

73 1381 175 1462 sequi
198 1381 435 1463 elationumque
451 1380 645 1464 singularum
662 1384 694 1445 et
716 1378 885 1444 commoda
907 1386 938 1443 et
960 1379 1163 1444 incommoda
1185 1401 1236 1445 ac-

74 1489 192 1549 curate
213 1482 362 1566 pendere.
400 1483 479 1548 Cum
495 1503 570 1547 vero
587 1483 725 1548 omnium
747 1480 911 1546 modorum
927 1480 1115 1545 varietatem
1130 1484 1235 1565 perlu-

75 1591 185 1650 strare
201 1584 330 1666 longum
346 1591 395 1649 est
410 1589 442 1648 et
457 1603 738 1665 supervacaneum,
762 1603 802 1646 ex
821 1581 1021 1647 multitudine
1044 1583 1233 1649 certantium

76 1706 138 1752 eos
149 1685 256 1752 solnm
271 1686 355 1767 eligo
366 1684 623 1766 considerandos,
640 1686 671 1749 in
684 1685 799 1767 quibus
811 1684 978 1749 commoda
990 1691 1022 1749 ct
1032 1684 1235 1750 incommoda

75 1788 332 1855 luculentissime
347 1794 523 1871 appareant
538 1791 570 1852 et
586 1787 641 1868 qui
654 1786 755 1850 instar
768 1787 832 1851 sint
846 1787 1054 1869 complurium
1075 1807 1176 1871 prope
1199 1808 1234 1854 se

77 1889 199 1957 eodem
221 1891 288 1956 fere
308 1889 404 1955 modo
427 1889 627 1955 certantium:
651 1909 736 1969 eum,
761 1887 814 1968 qni
836 1887 997 1953 sinistrum
1020 1909 1126 1971 cornu,
1150 1908 1233 1973 eum,

78 1994 138 2074 qui
167 1991 315 2057 dextrum
345 2011 457 2071 cornu,
487 1995 632 2071 etcum,
661 1991 716 2070 qui
738 1989 877 2054 mediam
899 1989 1001 2054 aciem
1024 1989 1154 2055 obtinet.
1199 1992 1235 2057 si

77 2094 181 2178 igitur
202 2113 310 2158 arcum
333 2093 521 2158 certantium
542 2093 575 2156 in
598 2099 662 2158 tres
677 2097 785 2174 partes
800 2090 883 2155 inter
904 2108 939 2154 se
960 2110 1055 2173 pares
1078 2091 1237 2176 diviseris,

79 2215 176 2261 snam
205 2195 320 2276 cuique
348 2194 475 2260 illorum
503 2201 627 2277 partem
654 2193 877 2273 adnumerato,
908 2210 991 2272 quae
1024 2192 1138 2258 eodem
1170 2195 1237 2260 fere

79 2305 183 2380 atque
203 2299 260 2363 ille
275 2294 418 2362 certandi
433 2294 528 2361 modo
544 2302 662 2360 utatur:
687 2293 812 2359 sinistro
829 2293 999 2376 sinistram,
1023 2294 1136 2360 dextro
1159 2297 1235 2361 dex·

80 2407 184 2482 tram,
213 2397 352 2463 mediam
381 2397 496 2468 medio.
541 2398 621 2462 Tres
651 2396 844 2475 singulorum
873 2395 1090 2482 agonistarum
1117 2403 1237 2477 queunt

81 2501 219 2582 cogitari
235 2499 452 2566 condiciones:
475 2503 531 2563 aut
544 2498 615 2583 pari
630 2505 805 2564 ceterorum
825 2497 988 2562 celeritate
1010 2499 1159 2562 currebat
1180 2505 1236 2562 aut

81 2603 226 2684 reliquos
256 2601 428 2683 superabat
456 2607 511 2664 aut
533 2620 553 2664 a
576 2600 689 2666 ceteris
715 2599 964 2681 relinquebatur.
1009 2599 1149 2678 Quarum
1173 2599 1235 2665 hac

82 2704 169 2769 duae
193 2702 430 2768 considerentur
451 2721 513 2766 non
538 2709 678 2786 oportet,
708 2720 948 2783 quamquam
971 2720 1129 2784 semper
1151 2702 1237 2766 l'ere

83 2803 339 2882 acciderunt,
369 2803 459 2884 quia,
490 2803 517 2868 si
546 2805 616 2887 quis
646 2809 768 2869 ceteros
796 2803 1080 2886 praeoccupaverit
1109 2810 1165 2866 aut
1193 2803 1235 2867 ab

83 2907 132 2972 eis
153 2906 284 2972 relictus
301 2906 369 2988 erit,
392 2925 464 2970 eum
480 2906 628 2971 liberiore
643 2906 707 2971 iam
723 2907 796 2970 viae
818 2905 880 2971 sibi
895 2904 1069 2984 eligendae
1079 2910 1237 2987 potestate

83 3008 198 3073 oblata
225 3026 321 3087 qnam
349 3007 537 3072 brevissima
566 3015 683 3073 metam
716 3007 869 3091 petivisse
902 3014 1148 3072 consentaneum
1179 3012 1236 3071 est.

82 3111 134 3175 Ac
155 3129 197 3174 ne
220 3108 367 3176 Oleoetas
384 3108 513 3191 quidem
536 3110 663 3174 omnino
686 3129 795 3174 earum
812 3108 921 3173 debuit
939 3108 1094 3173 rationem
1118 3107 1237 3173 babere

83 3212 216 3292 idcirco,
240 3210 334 3292 quod,
358 3209 384 3273 si
408 3211 462 3290 qui
477 3211 624 3291 aequatis
639 3211 700 3276 viis
714 3232 735 3275 a
750 3209 864 3275 ceteris
879 3209 1148 3291 relinquebantur,
1171 3229 1236 3274 non

83 3311 174 3379 illins
196 3313 292 3395 culpa
315 3317 391 3392 crat,
415 3311 548 3377 sedvel
572 3331 724 3392 equorum
743 3313 917 3378 tardiorum
932 3314 984 3377 vel
1007 3311 1236 3394 imperitiorum

83 3413 303 3498 agonistarum
332 3414 385 3478 vel
408 3414 447 3478 de
469 3414 601 3478 consilio
631 3432 730 3494 equos
756 3414 975 3494 retinentium,
1004 3417 1039 3479 ut
1069 3415 1237 3478 tumultum

83 3536 126 3581 ae
148 3534 317 3581 concursus
344 3517 490 3598 lugerent
511 3514 623 3599 (Sopb.
640 3516 688 3579 El.
705 3517 790 3596 734).
835 3516 984 3596 Accedit,
1015 3515 1100 3596 quod
1125 3517 1237 3597 aequis

83 3616 327 3683 condicionibus
350 3616 472 3688 tamdiu
494 3614 589 3680 modo
612 3618 782 3700 providere
810 3617 964 3698 debebat,
995 3616 1148 3697 quamdiu
1170 3637 1235 3681 om-

82 3721 163 3785 nino
185 3724 309 3803 poterat
331 3718 360 3782 b.
379 3739 404 3782 e.
429 3716 579 3800 quamdiu
602 3720 688 3784 acies
711 3719 897 3784 certantium
921 3718 1060 3782 nondum
1082 3718 1238 3783 dissoluta

84 3828 167 3886 erat.
212 3820 314 3884 Aliter
341 3839 392 3885 res
421 3840 455 3885 se
484 3820 598 3902 habet,
627 3820 655 3884 si
683 3820 823 3890 universi
845 3820 915 3903 pari
941 3819 1113 3882 velocitate
1140 3819 1234 3886 vehe-

84 3924 204 3988 bantur
224 3924 409 4004 propterea,
439 3921 525 4005 quod
553 3927 628 3986 tunc
649 3921 798 3985 libertate
826 3921 883 3984 illa
906 3920 1044 3984 coercita
1065 3921 1236 4001 plerosque

85 4029 248 4090 certantes
271 4042 310 4087 ea
332 4024 402 4086 sola
424 4024 478 4087 via
501 4043 625 4088 currere
648 4042 776 4087 necesse
792 4031 868 4105 erat,
892 4041 974 4104 quac
989 4019 1104 4101 cuique
1119 4042 1139 4085 a
1153 4028 1236 4088 cete-

85 4127 131 4190 ris
160 4145 223 4190 non
253 4130 408 4208 occupata
435 4125 575 4207 patebat.
620 4125 710 4188 Tunc
738 4124 859 4205 siquis
884 4123 1236 4207 incommodumcepit,

998 4226 1033 4276 5*
