3072 5012
277 373 337 434 112
803 373 899 428 VITA.

361 546 652 614 Exercitationibns
679 546 854 631 philologis
884 553 918 612 nt
948 547 1151 630 interessem,
1185 546 1325 629 benigna
1357 566 1432 612 eou-

276 655 440 717 eesssrunt
456 649 594 733 Lipsius,
617 647 886 733 Waehsmuthius,
910 646 1118 731 tritbemius,
1141 666 1236 730 quem
1257 667 1317 732 per
1340 649 1433 714 bien·
1512 670 1518 689 ·

276 752 365 817 nium
392 749 506 817 audivi
533 750 650 818 senior.
701 751 849 835 Denique
877 750 1134 834 paedagogieum
1162 749 1307 816 Richteri
1335 752 1433 818 semi·

125 917 127 924 .
202 941 206 950 ¹
275 853 399 920 narium
430 853 510 921 duos
540 874 641 922 annos
668 854 912 937 frequentitavi,
945 852 1083 918 Ratzelii
1115 851 1370 936 geographieum
1401 860 1434 918 et

277 954 430 1022 Zamekii
452 957 711 1038 germanistieum
732 957 861 1038 singula
880 957 1054 1022 semestria.

362 1055 421 1124 His
444 1059 591 1125 omnibus
612 1059 691 1124 viris
713 1064 867 1141 quantum
896 1057 1034 1124 debeam
1055 1078 1216 1141 nunquam
1240 1077 1293 1125 ero
1316 1058 1432 1122 imme·
1532 1095 1533 1160 t

276 1179 362 1242 mor,
392 1159 549 1243 imprimis
571 1159 768 1244 Ribbeekio‚
798 1161 850 1227 eui
872 1161 990 1227 artiore
1011 1160 1140 1228 vinculo
1163 1160 1351 1228 coniunctus
1373 1159 1432 1241 fui,
1532 1247 1533 1252 Ἰ

276 1261 405 1345 Lipsius
434 1268 466 1328 et
490 1260 751 1346 Waehsmuthio,
782 1264 838 1345 qui
866 1262 973 1329 studia
1000 1282 1074 1329 mea
1099 1263 1247 1328 foverunt
1274 1281 1314 1327 ae
1340 1262 1431 1327 iuve·
1532 1255 1533 1264 ’

276 1367 358 1428 runt.
392 1361 486 1447 Huic,
509 1365 598 1431 euius
613 1363 693 1430 mihi
708 1363 792 1432 hane
807 1365 1063 1432 dissertationem
1085 1364 1238 1431 seribenti
1259 1365 1430 1430 eonsilium

277 1484 452 1547 numquam
480 1468 632 1551 defuerit,
662 1474 695 1533 at
722 1465 929 1551 Sehraibaro,
963 1469 1018 1551 qui
1051 1467 1297 1550 arehaeelogiea
1330 1485 1431 1549 opera

278 1569 454 1634 liberaliter
469 1569 549 1636 mihi
564 1575 724 1636 mutuatus
747 1570 798 1654 sit,
820 1589 862 1636 ua
885 1569 946 1637 hoe
967 1570 1099 1653 quidem
1119 1572 1191 1637 loeo
1207 1569 1284 1653 quin
1307 1570 1429 1652 gratias

278 1690 375 1753 agam
396 1673 566 1755 maximas,
588 1689 719 1756 possum
740 1673 1004 1754 praetermittere.
1532 1661 1533 1694 ³

364 1773 470 1838 Etiam
483 1774 517 1838 in
532 1772 728 1840 Academica
742 1772 905 1840 Sueietate
920 1773 1101 1859 Philologa,
1124 1779 1278 1857 quantum
1293 1773 1429 1838 fructum

279 1894 321 1942 ex
343 1875 518 1941 amicorum
542 1876 718 1943 eoniunetis
741 1876 856 1942 studiis
878 1877 1029 1961 reperim,
1051 1876 1165 1943 lubens
1187 1874 1328 1941 memini.
