3076 5020
305 533 441 617 diorum,
464 531 590 598 videtur
610 531 644 598 id
664 531 852 598 ourrioulum
868 531 976 616 fuisse,
999 552 1061 616 quo
1077 533 1194 617 Cyrum
1216 551 1288 598 οιιιιι
1310 531 1374 596 suis
1388 529 1464 594 Xe

304 634 463 721 nophon
453 655 486 700 ιιι
502 633 578 719 Cyri
592 634 794 701 Institutione
813 635 947 718 (VIII-,3
964 639 1004 698 34
1017 633 1102 719 sqq.)
1089 633 1200 716 )Ieeit
1222 632 1465 700 decurrentem.

304 737 354 804 lbi
376 737 461 804 enim
482 757 540 804 rex
563 745 649 803 meta
669 735 879 822 significata
870 756 940 822 rpse
962 757 1032 804 eum
1056 738 1157 823 prImo
1180 737 1278 803 missu
1300 741 1401 802 uertat
1430 739 1467 799 et

304 859 403 924 prope
433 843 550 906 metam
573 839 749 906 oonsistens
777 838 921 922 singulas
943 845 1121 906 ceterarum
1149 844 1324 905 turmarum
1353 842 1464 904 eertu-

304 941 407 1008 Iiones
429 941 578 1008 observat
600 939 645 1024 (v.
668 944 724 1006 25:
745 939 830 1004 κατὰ
852 938 973 1024 κράτος
995 938 1180 1006 ἐνταῦθα
1209 933 1346 1028 ἀφεῖναι
1375 935 1464 1014 τοὺς

304 1041 458 1133 ἵππους).
502 1044 593 1109 Haeo
613 1063 634 1108 e
654 1041 868 1127 Xenophonte
889 1063 952 1109 non
974 1062 1062 1108 mero
1085 1049 1262 1110 commento
1284 1043 1359 1110 fiete
1383 1061 1464 1108 esse

304 1145 405 1231 ipsius
427 1165 580 1231 expresse
601 1145 702 1211 verbe
724 1150 911 1226 argumento
937 1149 1010 1211 sunt
1037 1143 1157 1211 ibidem
1174 1148 1271 1270 534.
1301 1136 1389 1210 οὕτω
1416 1141 1461 1229 δὴ

304 1242 324 1334 ἦ
347 1246 424 1314 τότε
438 1243 504 1314 όντό
522 1246 633 1334 Κύρου
647 1249 902 1312 κατασταθεῖσα
917 1237 1077 1323 ε’λασις
1046 1239 1150 1323 οὕτως
1173 1244 1236 1312 ἐ’τι
1259 1248 1325 1312 καὶ
1347 1246 1462 1328 νυν
1436 1246 1462 1328 ¹

306 1344 500 1432 droperet‘
483 1375 502 1437 η
530 1350 697 1434 βασιλέως
724 1347 852 1434 ε’λασις,
885 1349 1072 1434 quibuscum
1105 1349 1278 1432 coniungas
1309 1346 1462 1415 eiusdem

304 1453 529 1536 testimonium,
552 1451 637 1534 quod
661 1453 763 1518 estin
785 1472 833 1534 eo,
857 1471 951 1534 quem
974 1449 1015 1517 de
1036 1470 1072 1517 re
1094 1452 1234 1532 equestri
1256 1450 1462 1536 conseripsit,

305 1556 415 1623 libello
430 1577 499 1641 eep.
516 1554 590 1620 VIII
604 1557 624 1635 5
640 1558 674 1619 6:
697 1551 718 1618 ἃ
736 1551 771 1617 δὲ
788 1555 972 1639 φοβοῦνται
985 1576 1073 1629 τινες
1087 1549 1132 1638 μὴ
1157 1545 1462 1640 όντορρηγνόωνται
1503 1539 1505 1544 ’

304 1655 382 1734 τούς
405 1650 515 1738 όῖμοος
535 1653 619 1721 κατὰ
641 1653 683 1720 τό
706 1657 816 1742 πρανῆ
840 1651 1062 1737 ἐλαυνόμενοι,
1084 1652 1303 1741 θαρρούντων
1319 1653 1461 1737 μαθόν-

304 1783 368 1838 τες,
392 1750 445 1825 ότι
461 1761 592 1842 Πέρσαι
607 1759 662 1823 καὶ
675 1749 832 1842 Ὀόρόσαι
849 1755 1036 1834 ἅπαντας
1057 1754 1105 1821 τό
1127 1750 1308 1844 κατάντη
1332 1753 1459 1840 ἁμιλ-

307 1854 359 1926 toi
365 1884 485 1942 μενοι
502 1852 597 1924 οὐδὲν
612 1851 710 1945 ἧττον
724 1861 790 1925 τῶν
802 1853 961 1948 Ἑλλήνων
977 1854 1080 1945 ὑγιεῖς
1095 1858 1172 1938 τοὺς
1186 1860 1316 1938 ἵππους
1331 1859 1459 1944 ἔχουσι.

305 1964 423 2030 Verum
444 1963 506 2030 hoo
527 1962 570 2026 ad
591 1963 715 2047 Persas,
738 1983 802 2028 non
824 1961 866 2028 ad
889 1962 1030 2029 Graecos
1051 1962 1173 2030 attinet.

391 2065 535 2132 Certiora
562 2064 698 2150 primum
725 2086 764 2131 ao
785 2064 930 2150 pleniora
957 2064 998 2130 de
1026 2063 1230 2149 hippodromi
1256 2067 1459 2134 institutione

306 2167 459 2235 discimus
482 2188 523 2234 ex
545 2165 716 2234 Homerios
743 2168 801 2234 ills
829 2167 1038 2234 enarratione.
1082 2167 1145 2234 Hie
1165 2188 1242 2235 vero
1264 2189 1328 2235 non
1349 2175 1384 2234 ut
1406 2169 1458 2235 illi

306 2271 461 2355 simplex,
489 2269 548 2337 sed
576 2268 697 2354 duplex
726 2277 789 2350 est,
818 2268 905 2350 quod
933 2269 966 2334 in
994 2268 1123 2336 modum
1152 2268 1252 2336 disuli
1274 2269 1358 2336 duee
1380 2273 1458 2338 viae

306 2381 393 2439 reeta
414 2372 497 2438 inter
518 2391 554 2438 se
575 2372 705 2454 regione
727 2392 747 2437 a
769 2370 959 2453 oaroerihns‚
982 2370 1011 2436 si
1032 2371 1093 2438 hoe
1113 2373 1211 2439 verbo
1234 2375 1280 2438 uti
1304 2374 1388 2458 lieet,
1412 2375 1457 2440 ad

306 2481 425 2540 metam
447 2473 621 2559 pertinent,
651 2473 766 2557 quibus
792 2474 826 2538 in
855 2474 985 2538 laevum
1012 2493 1125 2558 gyrum
1155 2473 1199 2556 (r.
1221 2495 1289 2560 στρ.
1313 2477 1357 2561 11)
1386 2497 1456 2543 our-

306 2575 393 2642 ritur.
437 2578 523 2642 Meta
550 2577 585 2640 in
606 2576 749 2639 antisotu
771 2575 894 2641 viarum
922 2575 1029 2659 positu
1055 2577 1124 2643 sive
1145 2579 1249 2661 τέρμα
1271 2576 1356 2658 (303.
1381 2582 1455 2643 323.

308 2682 378 2744 333.
404 2678 479 2761 466)
501 2699 522 2744 e
543 2677 641 2742 verbo
663 2677 826 2760 teipsffl),
850 2684 884 2743 ut
906 2680 1041 2762 σπέρμα
1062 2698 1083 2742 e
1105 2683 1265 2764 σπείρειν,
1289 2679 1364 2761 quia
1387 2701 1454 2746 mo·

308 2779 402 2847 diolis
431 2779 558 2862 teritur,
588 2779 656 2844 sive
686 2775 791 2842 τόσσα
813 2777 900 2862 (333.
924 2782 995 2846 338.
1020 2781 1096 2863 344)
1123 2800 1143 2846 ι
1165 2783 1264 2849 verbo
1287 2779 1420 2846 νόσοειν
1430 2785 1455 2864 ³)

308 2901 349 2946 ex
371 2879 483 2949 eadem
507 2899 604 2946 eausa
632 2880 856 2965 appellatur¹).
900 2880 993 2960 Quod
1016 2882 1184 2950 Homerieo
1212 2904 1291 2966 uns,
1320 2885 1454 2967 posteri-

307 2985 372 3050 oris
394 2983 509 3050 aetatis
532 2988 564 3048 et
585 2981 717 3049 Graecis
740 2989 771 3050 et
794 2983 946 3049 Romanis
969 2984 1062 3052 eirois
1084 2983 1167 3050 duae
1189 2993 1261 3052 sunt
1283 2991 1397 3066 metae,
1420 2985 1455 3050 id

306 3085 528 3168 gravissimum
552 3091 617 3165 est,
645 3103 707 3166 quo
729 3086 812 3151 inter
834 3104 870 3150 se
892 3085 1052 3153 differunt.
1095 3085 1147 3152 Ne
1167 3088 1301 3170 pluralis
1325 3086 1454 3168 quidem

306 3191 454 3272 τέρματα
476 3187 510 3251 in
531 3207 561 3252 r.
579 3190 639 3251 333
656 3194 689 3252 et
707 3191 768 3252 358
792 3186 880 3253 aliud
903 3187 1252 3272 quiequamsignifieat
1274 3187 1335 3254 nisi
1358 3208 1453 3255 unam

304 359 331 420 8Ι
584 361 616 416 A.
647 361 695 414 DE
712 358 953 416 HIPPODROMO
970 358 1172 415 noheslco.

1525 3299 1526 3326 i

394 3361 418 3421 1)
436 3354 491 3410 Otr.
503 3355 624 3410 Isensee:
642 3355 699 3410 Der
710 3354 921 3424 geschichtliehe
932 3354 1011 3410 Wert
1028 3371 1080 3410 von
1092 3355 1259 3426 Xenophous
1272 3354 1452 3425 Kprupeedie.
1525 3361 1526 3398 ι

310 3444 384 3496 teos.
429 3440 586 3494 Seelmenn:
614 3439 657 3494 De
686 3441 815 3496 historice
840 3441 1029 3511 Xenophontis
1058 3441 1087 3494 in
1111 3441 1286 3496 Institutione
1312 3441 1375 3510 cyri
1399 3439 1454 3496 fide
1525 3441 1526 3514 Q

306 3524 540 3598 0)O)OGOOLXX.
1525 3519 1526 3522 ’

394 3615 419 3677 2)
436 3610 499 3665 Alie
512 3611 603 3665 forma
620 3609 655 3664 ab
673 3609 766 3664 eodem
778 3611 860 3666 verbo
878 3610 997 3664 derivata
1014 3615 1056 3664 esi
1073 3606 1179 3683 τόρμη·
1193 3615 1215 3667 ὀ
1205 3605 1265 3668 ἐν
1282 3607 1452 3688 ιπποόρόμῳ

307 3691 416 3770 δρόμος
433 3698 491 3764 (pro
510 3711 563 3764 quo
580 3694 673 3749 dubito
691 3709 726 3748 en
744 3695 845 3748 rectius
868 3691 978 3766 τόρμος
1001 3694 1173 3750 scribendum
1192 3697 1240 3765 sit,
1265 3695 1315 3752 cfr.
1334 3697 1449 3767 Hesyeh.

307 3777 426 3839 ἱππικὸν
438 3773 590 3853 τόρμονι”
571 3803 588 3851 η
600 3779 616 3848 ἢ
629 3773 748 3851 καμπὴ
761 3783 809 3835 καὶ
820 3769 935 3852 όσιιληξ.
961 3778 1106 3852 Dionysius
1118 3796 1160 3850 ep.
1173 3781 1300 3838 Eustuth.
1313 3799 1340 3852 p.
1352 3787 1409 3850 598,
1419 3787 1449 3837 2ῖ

306 3866 447 3934 (Schwabe
464 3865 584 3920 Atticist.
603 3869 670 3930 213)

393 3956 420 4018 3)
437 3952 555 4021 Hesyeh.
569 3967 590 4006 s.
603 3967 628 4005 r.
647 3943 707 4007 οἷπὸ
726 3969 777 4006 τοο
766 3945 932 4016 ἐλθόντας
942 3943 1009 4006 κατ’
1022 3943 1111 4008 αὐτὸν
1127 3949 1218 4010 νεύειν
1229 3947 1296 4019 τοὺς
1305 3949 1448 4022 c'rrrrovcti).

394 4041 419 4102 4)
437 4035 519 4104 Soph.
538 4035 582 4091 El.
602 4037 659 4088 720.
678 4037 741 4086 744:
766 4030 865 4105 στήλη,
888 4051 941 4102 quo
958 4051 1019 4090 cnm
1036 4038 1142 4092 nomine
1159 4037 1298 4092 columnae
1314 4039 1343 4092 in
1361 4042 1448 4109 agoni-
1525 4089 1526 4106 ,

307 4122 383 4177 sticis
399 4120 579 4176 monumentis
597 4119 724 4188 adpietee
741 4123 903 4186 congruunt.
1525 4107 1526 4160 i
