3072 5012
301 370 341 430 90
700 367 732 424 B.
759 367 810 422 Du
827 367 1047 422 TARAXIPPO.

300 551 448 629 equestre
476 550 638 610 certamen
665 562 798 609 narrans
827 561 866 608 eo
894 543 936 608 ab
958 543 1016 608 illo
1036 541 1214 624 discrepat,
1244 538 1330 622 quod
1349 559 1442 622 equo·

299 646 663 730 mm'perturbationem
685 648 749 723 (vv.
767 646 926 722 351-68)
946 644 991 711 ad
1007 645 1185 710 naturalem
1201 661 1330 710 causum
1349 643 1444 708 refert

299 751 346 815 ita
368 749 509 832 quidem,
532 756 568 813 ut
588 748 733 814 Actaeon
755 747 798 813 ad
820 746 946 812 Phauni
968 745 1159 829 quadrigam
1182 751 1215 812 et
1237 763 1336 828 equos
1355 763 1443 829 prac-

299 850 498 918 tervehendo
527 869 599 917 sese
620 850 794 934 impingat,
824 855 856 915 et
884 855 1007 914 tantum
1029 847 1183 914 Scelmim
1204 846 1247 912 ab
1270 845 1442 913 Erechtheo

299 953 463 1038 praecurri
484 951 650 1018 Minervam
677 953 847 1018 muscatae
875 951 1058 1033 longinquis
1087 949 1376 1016 machinationibus
1400 957 1442 1014 at·

300 1056 412 1122 tribuit
433 1059 498 1130 (vv.
515 1056 684 1134 315-45).

386 1157 482 1224 Nova
496 1175 649 1240 equorum
665 1155 929 1222 consternationis
945 1154 1071 1237 species
1093 1154 1127 1218 in
1141 1152 1268 1220 Statii
1283 1152 1441 1219 Thebaide

301 1261 431 1326 obuiam
453 1259 497 1325 fit.
541 1261 625 1326 Nam
648 1279 719 1328 cum
741 1257 829 1341 apud
849 1256 1023 1323 Homerum
1047 1257 1179 1340 eiusque
1202 1261 1373 1322 sectatores
1394 1255 1442 1320 dei

301 1363 364 1445 ipsi
376 1381 476 1444 equos
487 1362 540 1428 rel
552 1381 652 1446 prope
667 1363 722 1428 rel
737 1379 779 1427 ex
793 1360 970 1443 longinquo
984 1363 1191 1441 perterreant,
1207 1356 1262 1424 hic
1278 1356 1334 1432 (VI
1345 1361 1441 1422 491-

302 1467 376 1539 511)
387 1463 537 1530 Phoebus
550 1465 621 1548 ipse
636 1465 670 1528 in
684 1463 803 1529 circum
814 1460 1011 1529 descendere
1025 1479 1090 1527 non
1104 1460 1183 1526 eatis
1197 1458 1297 1526 habet
1309 1464 1352 1538 (v.
1363 1461 1440 1542 493),

303 1585 413 1631 verum
436 1565 533 1630 etiam
554 1565 856 1631 formidulosissimo
878 1564 976 1629 utitur
998 1568 1153 1628 monstro:

427 1677 484 1749 ‘At
505 1684 564 1749 tibi
585 1684 760 1766 promissos
782 1682 970 1748 iamdudum
991 1681 1142 1748 Phoebus
1165 1680 1313 1764 honores,

428 1785 636 1870 Amphiarao,
659 1787 756 1868 cupit
800 1784 947 1851 Tandem
968 1791 1055 1850 retus
1077 1791 1155 1867 apta
1175 1783 1280 1849 favori

430 1890 590 1972 Tempora
612 1888 759 1971 pulverei
780 1889 869 1953 venit
889 1889 924 1952 in
944 1887 1050 1970 spatia
1072 1884 1204 1951 horrida
1225 1886 1313 1968 circi,

431 1990 511 2057 Cum
533 1991 598 2055 iam
621 1991 655 2054 in
677 1989 740 2056 fine
763 1990 838 2057 viae
861 1996 894 2056 et
915 2008 1074 2056 summum
1096 1989 1232 2053 uictoria
1253 1992 1352 2053 nutat.

429 2093 662 2176 Anguicomam
685 2093 817 2157 monstri
841 2089 992 2174 effigiem,
1015 2089 1205 2157 saevissime
1228 2091 1300 2156 visu

431 2194 506 2277 Ora,
529 2199 638 2260 movet
659 2194 730 2260 sive
752 2193 808 2258 ille
831 2193 937 2258 Erebo
960 2212 1017 2260 seu
1039 2191 1133 2258 finxit
1154 2193 1187 2257 in
1209 2200 1282 2257 actu

431 2297 610 2381 Temporis,
633 2297 800 2362 innumera
822 2301 907 2362 certe
929 2293 1100 2360 formidine
1123 2295 1242 2359 cultum
1276 2331 1278 2336 ·

430 2397 531 2465 Tollit
551 2401 586 2465 in
607 2406 694 2465 astra
715 2389 820 2465 nefas'
846 2417 874 2463 e.
891 2416 921 2479 q.
937 2416 962 2463 s.

388 2519 555 2585 Subtiliter
575 2537 643 2583 rem
665 2517 820 2583 iudicanti
842 2517 944 2600 inepti
958 2514 1083 2598 aliquid
1104 2513 1185 2579 mihi
1205 2514 1334 2580 videtur
1347 2514 1380 2580 in
1400 2514 1444 2578 his

302 2623 418 2687 inesse.
445 2621 560 2687 Nonne
575 2622 680 2704 ipsum
696 2619 863 2686 Phoebum
878 2620 912 2684 in
926 2638 1057 2684 arenam
1075 2617 1186 2683 venire
1200 2636 1331 2699 prorsus
1347 2635 1443 2700 roper-

303 2742 481 2788 vacaneum
504 2722 576 2789 est?
621 2723 671 2789 Ne
693 2722 861 2805 Neptunus
890 2719 1021 2803 quidem
1043 2719 1214 2802 Hippolyti
1243 2737 1344 2801 equos
1365 2739 1443 2784 mon·
1514 2733 1515 2740 ³

303 2833 427 2890 struoso
450 2832 541 2890 tauro
563 2824 772 2891 interrorem
795 2825 957 2891 coniciens
979 2824 1049 2906 ipse
1071 2822 1138 2886 ullo
1160 2820 1258 2886 modo
1281 2827 1443 2905 comparet.

303 2926 408 2993 Credo
430 2928 528 3011 igitur
549 2927 854 2993 contaminationem
876 2924 937 2991 hoc
959 2926 1032 2990 loco
1050 2925 1161 2990 latere.
1195 2922 1288 3000 Quae
1310 2923 1372 2988 utri
1393 2921 1443 2988 cri·
1514 2995 1515 3024 ,

303 3029 382 3094 mini
405 3028 513 3112 detur,
543 3036 647 3095 utrum
669 3029 773 3096 Statio
794 3034 903 3095 nostro
929 3048 971 3093 an
1000 3028 1069 3094 eius
1097 3027 1237 3109 auctori,
1266 3026 1443 3091 nonacrim
1514 3029 1515 3086 l

304 3137 391 3197 certo
410 3131 526 3198 dicere.
562 3133 702 3198 Auctore
722 3137 830 3197 antem
853 3149 929 3196 usus
952 3149 1022 3196 esse
1045 3128 1167 3195 Statius
1189 3133 1345 3211 censetur,
1367 3125 1443 3210 quod
1514 3139 1515 3230 q

245 3280 248 3287 -
303 3234 346 3298 ad
369 3235 534 3299 materiem
557 3235 679 3314 attinet,
702 3232 904 3299 Antimacho.
944 3232 989 3298 Ut
1009 3231 1043 3296 in
1066 3232 1189 3316 cyclica
1204 3229 1372 3296 Thebaide
1386 3229 1443 3294 Ho-
1514 3287 1515 3292 ,

304 3337 384 3400 meri
406 3337 527 3399 nomini
550 3334 750 3419 adscriptall,
773 3337 819 3402 sic
842 3336 939 3400 etiam
961 3335 994 3399 in
1008 3333 1194 3400 Antimachi
1216 3334 1294 3416 quin
1315 3331 1381 3397 ludi
1401 3329 1466 3396 fu?

304 3437 418 3502 nebres
441 3435 474 3499 in
495 3436 684 3502 Archemori
712 3435 866 3502 honorem
887 3437 1031 3502 Nemeae
1059 3436 1137 3502 facti
1159 3435 1278 3502 fuerint
1306 3434 1442 3514 enarrati,
1514 3505 1515 3518 ,

304 3540 361 3605 vix
383 3543 490 3621 potest
511 3537 690 3614 dubitari.2l
722 3537 792 3603 Nec
807 3540 910 3604 minos
926 3539 1048 3624 dubito,
1071 3539 1148 3622 quin
1170 3539 1204 3604 in
1226 3537 1365 3622 equestri
1386 3556 1443 3602 cer·

304 3642 424 3707 tamine
447 3659 601 3722 equorum
622 3640 820 3723 perturbatio
843 3641 929 3706 facta
950 3641 1008 3724 sit,
1032 3643 1108 3724 quia
1133 3642 1238 3707 nullus
1261 3641 1378 3722 epicos,
1399 3639 1443 3703 cui

305 3750 452 3827 equestre
482 3748 643 3809 certamen
672 3741 919 3809 describendum
949 3750 1032 3826 erat,
1063 3745 1160 3809 talem
1186 3742 1341 3827 pingendi
1362 3761 1441 3808 occa·

392 3967 415 4028 l)
432 3961 561 4015 Welclrer
578 3977 621 4030 ep.
635 3961 708 4030 cycl.
721 3959 756 4013 ll.
774 3976 802 4028 p.
816 3963 942 4015 eso-53.

390 4050 415 4112 2)
433 4046 470 4100 ib.
484 4060 511 4113 p.
525 4050 589 4100 352:
604 4041 668 4099 ‘Die
680 4044 881 4112 Beschreibung
892 4061 945 4098 ron
954 4043 1161 4115 Kampispielau
1179 4045 1215 4098 ist
1226 4043 1286 4098 eine
1303 4041 1358 4098 last
1373 4044 1440 4100 noth·

303 4131 422 4199 nendige
439 4131 560 4212 Episode
577 4131 624 4185 des
642 4130 841 4198 kriegerischen
858 4121 951 4199 Epor?
