3076 5020
356 408 389 462 A.
419 407 468 460 DE
487 406 727 461 HIPPODROMO
746 405 945 462 HOMERIGO.
1187 406 1224 464 17

158 580 265 645 Minus
287 579 393 660 etiam,
417 598 513 661 quam
536 577 576 644 de
597 578 699 661 initio,
723 579 934 662 comperimus
957 578 998 644 de
1021 596 1129 644 cursus
1151 577 1224 645 fine.

60 681 167 746 Hunc
190 683 281 764 siguo
304 681 461 763 quodam,
484 680 637 762 fortasse,
659 681 687 746 si
709 682 830 764 placet,
854 680 983 761 codem,
1012 698 1075 761 quo
1098 681 1227 765 aphesis

61 782 285 866 significatum
308 783 406 848 fuisse
428 801 559 848 necesse
581 787 638 849 est.
683 782 807 847 Etenim
831 783 859 848 si
888 782 1057 865 defuisset,
1087 801 1225 863 quanam

61 905 186 951 norma
208 884 344 950 victoria
366 883 571 949 diiudicanda
593 885 684 949 erat?
719 885 821 949 Nemo
837 902 941 965 neque
957 885 1145 950 certantium
1167 902 1227 950 nec

62 993 290 1070 spectatorum
312 986 472 1067 scivisset,
497 986 626 1051 ubinam
649 986 751 1051 iustus
777 984 923 1051 currendi
945 983 1017 1051 finis
1040 990 1133 1053 esset.
1179 987 1226 1051 Ac

64 1087 161 1168 quod
195 1087 384 1153 Antilochus
416 1088 596 1154 Menelaum
630 1088 745 1172 capitis
782 1087 890 1169 equini
926 1090 993 1153 fere
1025 1086 1226 1170 longitudine

64 1198 204 1273 superat
226 1197 268 1265 (v.
286 1191 461 1273 515-23),
490 1188 571 1254 haec
600 1189 824 1256 differentias
852 1189 1012 1256 iudicibus
1035 1210 1099 1255 non
1120 1197 1227 1274 potest

65 1293 181 1376 statui,
204 1293 266 1358 nisi
283 1293 392 1358 oculos
414 1291 457 1358 ad
473 1291 654 1357 columnam
670 1291 723 1358 vel
739 1291 852 1358 sudem
875 1292 928 1357 vel
950 1298 1069 1357 metam
1091 1294 1145 1359 vel
1161 1294 1225 1360 tale

66 1393 151 1475 quid
175 1383 472 1478 t‘Siegespfosteu')
493 1393 676 1460 collineant.
721 1393 978 1471 Quamobrem
1001 1394 1118 1478 imago,
1142 1415 1225 1478 quae

66 1495 199 1560 currule
222 1501 384 1561 certamen
406 1496 438 1558 in
455 1494 566 1560 Peliae
581 1497 697 1560 mortui
717 1494 871 1561 honorem
894 1494 1071 1560 institutum
1095 1495 1227 1563 exhibet

67 1596 170 1672 (Mon.
186 1595 217 1662 d.
233 1597 309 1664 Iust.
325 1598 389 1664 vol.
405 1598 446 1662 X,
469 1597 534 1661 tab.
550 1596 623 1661 1111.
647 1597 753 1680 etV.),
775 1617 839 1661 non
861 1597 907 1662 ita
928 1597 1145 1680 intellegenda
1167 1605 1225 1698 est,

67 1700 165 1779 quasi
188 1699 291 1780 pictor
313 1706 377 1764 tres
400 1698 468 1763 ludi
491 1699 719 1782 moderatores,
746 1700 909 1781 Acastum,
931 1700 1083 1782 Argeum,
1107 1698 1224 1765 Phere-

68 1805 153 1882 tem,
189 1820 246 1865 ora
278 1808 388 1867 contra
416 1800 589 1894 quadrigas
623 1800 839 1867 decertaturas
867 1807 1089 1867 convertentes
1118 1801 1224 1867 facere

69 1900 245 1967 voluisset:
268 1923 341 1968 nam
357 1902 506 1968 iumentis
521 1903 661 1967 maximo
677 1904 799 1985 impetu
815 1903 979 1968 ruentibus
994 1903 1103 1968 obtriti
1119 1911 1226 1970 essent

73 2036 111 2046 -
137 2002 196 2068 sed
219 2004 274 2087 ita,
297 2011 332 2069 ut
353 2004 484 2087 aurigae
507 2004 666 2070 intereos
690 2011 722 2071 ct
743 2003 886 2086 tripodes
908 2004 1133 2087 pervehantur.
1172 2004 1225 2071 Ad

71 2102 185 2168 horum
203 2106 297 2188 enim,
313 2106 368 2188 qui
383 2106 526 2188 praemis
541 2107 696 2189 propositi
712 2113 794 2189 sunt,
811 2112 988 2171 extremum
1002 2105 1126 2172 iudices
1141 2107 1224 2172 alius

71 2206 165 2270 iuxta
186 2207 285 2271 alium
308 2207 456 2273 sedentes
480 2209 588 2274 oculos
611 2208 760 2273 videntur
782 2208 963 2273 collineare.
1005 2208 1096 2272 Hanc
1118 2226 1224 2272 rerum

72 2309 229 2373 rationem
252 2308 368 2374 artifex
390 2329 428 2375 eo
451 2309 654 2392 significavit,
678 2307 764 2392 quod
780 2308 902 2375 iudices
925 2311 1044 2392 quippe
1067 2310 1223 2391 spectanti

72 2410 239 2492 propiores
261 2411 382 2493 aurigis
405 2419 437 2476 et
459 2413 550 2494 equis
572 2412 737 2494 aliquanto
760 2412 897 2478 maiores
921 2411 1076 2494 depinxit.
