3076 5020
384 377 417 431 A.
446 375 496 428 DE
513 373 751 430 HIPPODROMO
771 371 970 427 HOMERIGO.
1211 370 1248 428 11

189 548 279 627 Quae
309 549 416 616 omnia
442 548 547 616 animo
577 545 763 632 complexus
790 545 858 612 iure
886 546 976 612 dicas
1004 549 1122 612 metam
1151 545 1251 613 tuisse

97 656 248 721 veterum
269 637 550 737 hippodromorum
575 648 858 734 impedimentum
891 649 973 715 Tude
994 647 1072 731 quid
1093 669 1115 714 a
1135 648 1251 714 nostds

98 755 243 823 alienum
265 758 323 820 est.
360 755 460 819 Immo
476 752 526 819 his
541 754 644 819 forma
666 758 715 818 est
729 752 883 833 oblonga:
906 769 1039 832 quorum
1054 750 1164 832 anguli
1179 770 1250 816 cum

100 859 186 924 bene
207 855 369 923 rotundati
390 855 452 921 sint
467 862 500 921 et
521 855 617 922 totius
638 854 727 940 plani
748 855 781 921 in
798 861 940 921 extremo
962 858 1086 921 tantum
1104 853 1248 936 margine

100 959 186 1028 curri
208 960 321 1043 soleat,
341 957 404 1024 arti
426 958 588 1024 anfractus
609 956 768 1024 evitantur
779 955 812 1040 ¹),
834 956 869 1023 id
891 955 977 1037 quod
991 954 1159 1035 veteribus,
1177 975 1250 1020 eon·

98 1063 235 1129 trarium
257 1066 315 1129 est.
353 1062 465 1142 Itaque
479 1060 578 1128 nostri
601 1059 769 1142 equisones
784 1078 884 1142 equos
906 1057 949 1124 ad
971 1058 1144 1124 certamina
1158 1076 1250 1141 prae·

99 1172 253 1250 parantes
287 1154 500 1248 (‘Training')
531 1183 595 1229 non
626 1162 660 1226 in
692 1161 850 1228 subtiliter
877 1160 924 1228 eis
954 1158 1251 1227 condocefeciendis

100 1267 243 1334 studium
271 1271 408 1351 ponunt,
442 1264 500 1332 sed
527 1264 561 1330 id
589 1284 644 1332 eos
672 1262 904 1348 pedetemptim
932 1261 1186 1345 consuefaciunt‚
1217 1267 1253 1328 ut

100 1368 357 1436 macescentibus
372 1366 556 1452 corporibus
578 1388 636 1451 per
652 1367 793 1450 amplum
816 1366 953 1451 spatium
968 1385 1064 1447 quam
1087 1363 1252 1432 celerrime

101 1478 232 1538 ruentes
254 1469 426 1554 perdurent
447 1474 488 1553 et,
510 1470 572 1535 nisi
593 1468 636 1534 ad
658 1470 789 1554 planum
812 1488 958 1552 campum
975 1457 1251 1550 (‘Flaohrennen')

103 1575 207 1641 solnm
223 1573 373 1640 destinati
388 1578 470 1653 sunt,
493 1573 595 1638 omnis
609 1572 735 1653 generis
750 1571 981 1658 impedimenta
995 1576 1027 1636 et
1046 1572 1113 1636 alta
1128 1576 1161 1636 et
1175 1570 1252 1653 lata,

103 1680 140 1744 ut
161 1695 291 1760 saepes,
313 1693 437 1758 muros,
460 1692 610 1757 aggeres,
633 1677 752 1757 fossas,
781 1682 836 1741 aut
858 1673 1002 1742 saliendo
1025 1680 1081 1740 aut
1103 1671 1251 1739 enitendo

103 1778 257 1845 audacter
279 1778 416 1845 vincant.
452 1776 490 1843 Id
511 1795 612 1859 genus
627 1775 856 1861 impedimenta
870 1796 1022 1861 superare
1044 1775 1104 1842 etsi
1126 1781 1252 1841 veteres

102 1881 137 1946 in
159 1880 276 1965 apertis
292 1880 413 1965 campis
429 1871 671 1964 (Campngne')
687 1898 786 1961 equos
806 1878 961 1945 mihtares
984 1878 1142 1945 docebant
1156 1875 1250 1960 (Xen.

104 1981 146 2050 de
167 2003 201 2048 re
223 2001 295 2063 equ.
319 2003 388 2066 cap.
404 1982 488 2049 VIII.
525 1980 642 2049 Oecon.
666 2001 735 2066 cap.
756 1983 804 2047 XI
828 1981 892 2065 17),
918 2001 939 2047 a
960 1980 1092 2048 circensi
1114 1999 1173 2046 usu
1196 2000 1251 2047 ex-

104 2084 291 2168 cludebant,
321 2085 395 2165 quia
422 2085 559 2151 currulia
581 2084 755 2151 certamina
775 2085 809 2149 in
834 2104 943 2150 eorum
971 2082 1190 2167 hippodromis
1219 2087 1252 2148 et

105 2188 227 2272 origine
242 2193 274 2252 et
289 2186 410 2254 honore
426 2186 625 2269 equestribus
640 2187 748 2271 priore
770 2191 868 2253 erant.
907 2184 959 2250 Ad
974 2204 1121 2251 curruum
1143 2193 1251 2253 autem

105 2288 295 2356 certationes
317 2309 388 2355 cum
410 2290 496 2357 levia
518 2309 659 2371 aequora
680 2289 786 2373 campi
808 2287 974 2372 aptissima
989 2288 1061 2370 sint,
1084 2295 1119 2352 ut
1140 2308 1251 2354 omnes

105 2396 248 2459 veterum
271 2389 488 2476 hippodromi,
511 2393 558 2458 sie
580 2391 767 2458 Homericus
791 2411 917 2475 quoque
938 2391 970 2455 in
1000 2391 1058 2458 tali
1080 2391 1160 2457 situs
1183 2399 1252 2457 erat

104 2492 147 2576 (v.
164 2497 241 2558 359:
264 2490 297 2558 ἒν
320 2494 398 2579 λείῳ
419 2493 538 2578 πεδίῳ.
571 2515 600 2560 v.
618 2498 694 2560 330:
718 2495 805 2570 λεῖος
824 2485 855 2558 d'
883 2491 1096 2578 ἱππόδρομος
1120 2486 1252 2578 ἀμφίς).

105 2595 167 2674 Qui
188 2595 274 2678 quod
296 2617 316 2662 a
338 2596 418 2662 mari
439 2597 471 2662 in
495 2603 611 2663 terrem
633 2597 786 2664 orientem
808 2616 918 2663 versus
940 2597 1109 2680 vergebat,
1132 2597 1166 2665 id
1188 2619 1252 2665 non

106 2700 193 2765 casui
207 2699 370 2765 tribuerim
394 2703 435 2779 (v.
453 2703 530 2764 364:
553 2699 585 2764 ot
601 2692 631 2763 δ’
658 2683 727 2764 ὦκα
743 2699 946 2786 διέπρησσον
969 2696 1103 2765 πεδίοιο
1123 2700 1128 2782 1
1148 2699 1251 2787 νόσφι

106 2804 187 2867 νεῶν
215 2805 349 2882 ταχέως.
393 2822 423 2868 v.
446 2805 523 2868 373:
552 2794 627 2865 ἀλλ’
654 2799 710 2869 ὅτε
740 2799 778 2886 δὴ
803 2799 957 2886 πύματον
985 2803 1097 2868 τέλεον
1127 2800 1250 2887 δρόμον

107 2897 204 2981 ὠκέες
231 2892 439 2987 ἵπνσοιΙόἷψ
469 2896 531 2990 ἐφ’
563 2898 660 2981 ἁλὸς
688 2905 846 2992 πολιῆς.
881 2905 944 2971 cfr.
961 2924 1030 2989 cap.
1048 2906 1095 2970 III
1110 2904 1163 2989 A).
1208 2908 1251 2972 At

106 3008 221 3075 Graeci
236 3027 276 3074 ex
292 3007 368 3091 Cyri
382 3006 520 3074 adversa
535 3008 738 3091 expeditione
753 3007 795 3072 ad
810 3008 907 3074 maris
923 3008 998 3073 litus
1016 3009 1135 3074 reversi
1149 3028 1251 3093 prope

107 3112 337 3195 Trapezuntem
354 3129 411 3193 per
426 3107 549 3175 declive
566 3109 734 3176 decurrunt
749 3109 845 3194 (Xen.
863 3111 964 3176 Anah.
973 3109 1018 3175 VI
1035 3114 1063 3194 8,
1077 3115 1132 3177 28:
1149 3109 1249 3177 ἐ’θεαν

108 3212 211 3277 δὲκαὶ
226 3210 332 3276 ἵνσνεσι
353 3212 409 3277 καὶ
424 3209 493 3277 ἔδει
508 3208 628 3288 αὐτοὺς
649 3210 751 3277 κατὰ
774 3214 843 3276 τοῦ
866 3216 1050 3296 πρανοῦς
1073 3211 1251 3290 ἐλάσαντες

108 3313 140 3380 ἐν
168 3317 209 3402 τῇ
241 3310 395 3399 θαλάττῃ
425 3319 629 3398 στρέψαντες
658 3313 761 3381 πάλιν
790 3312 878 3397 πρὸς
905 3312 964 3380 τὸν
991 3312 1105 3398 βωμὸν
1135 3310 1249 3400 ἄγειν).

108 3418 175 3484 Ηοσ
204 3418 373 3490 Persarum
401 3420 535 3484 fortasse
564 3418 824 3484 consuetudinem
853 3417 967 3483 imitati
990 3415 1036 3502 (p.
1053 3417 1087 3501 8)
1110 3419 1183 3486 ideo
1205 3423 1250 3487 fe-

108 3524 229 3602 cerunt,
259 3519 343 3600 qnod
365 3541 442 3604 prae
463 3526 630 3587 montuosa
651 3521 713 3585 loci
734 3528 849 3585 natura
870 3521 963 3585 aliter
984 3542 1047 3586 non
1070 3529 1250 3605 potnerunt.

108 3622 209 3700 Quam
232 3621 345 3688 Graeci
367 3628 399 3688 et
421 3622 495 3703 equi
518 3630 550 3688 et
572 3622 694 3704 equites
715 3621 749 3686 in
771 3623 927 3688 eiusmodi
948 3621 1159 3708 hippodromo
1182 3645 1251 3689 cur·

108 3745 176 3791 rere
197 3745 259 3790 non
284 3724 400 3789 fuerint
421 3724 603 3807 exercitati,
634 3745 651 3789 e
674 3723 895 3808 Xenophontis
921 3725 1103 3792 narratione
1126 3726 1249 3793 affatim

108 3833 247 3912 apparet.

193 4067 217 4128 1)
234 4062 348 4131 ExcipIo
367 4061 521 4117 venationes
539 4057 766 4130 (Jagdrennen’),
784 4061 831 4117 uhi
846 4062 890 4115 hic
907 4061 962 4115 illic
979 4062 1144 4130 rectangulis
1162 4078 1250 4133 paene

108 4147 230 4202 flectitur.
