3076 5020
443 393 479 448 ΙΙ.
506 393 557 446 DE
576 393 700 449 LAEVO
719 392 825 448 GYRO.
1174 395 1214 454 39

64 588 128 665 cst,
152 581 222 648 fieri
243 600 308 646 non
329 586 451 665 potest,
479 583 556 666 quin
578 585 652 666 equi
675 584 803 650 sinistra
824 583 978 651 hactenus
1001 585 1137 668 ingressi
1161 585 1214 654 hic

64 683 201 767 gradum
216 689 417 750 commutent.
452 683 523 750 Hac
537 689 643 750 autem
659 686 897 768 perturbatione
911 688 1087 770 periculum
1109 693 1214 754 metae

66 785 328 868 circumeundae,
358 785 445 868 quod
472 786 578 869 ipsum
607 789 685 853 satis
713 807 863 869 magnum
890 795 953 872 est,
983 788 1079 855 valde
1102 791 1215 872 augeri

66 908 161 954 nemo
182 909 245 954 non
267 889 435 971 intellegit.
480 889 623 970 Accedit,
646 896 681 954 nt
703 890 777 971 equi
799 889 914 955 dextra
935 889 1053 957 dehinc
1075 890 1213 973 quadru-

67 990 220 1073 pedantes
250 989 291 1055 de
320 991 483 1056 celeritate
511 992 688 1072 remittant,
717 993 868 1072 quoniam
896 992 1053 1058 eiusmodi
1076 991 1216 1074 quadru-

67 1092 142 1174 pedi
157 1092 261 1174 ffiadu
274 1091 397 1156 maiore
411 1093 561 1158 molestia
582 1091 742 1158 incedunt.
780 1093 847 1159 Has
867 1093 1072 1160 difficultates
1088 1101 1214 1162 veteres

69 1195 240 1277 evitabant,
263 1193 351 1277 quod
373 1213 527 1276 equorum
549 1199 683 1260 naturae
703 1194 916 1260 concedentes
938 1196 1033 1261 laevo
1057 1216 1136 1279 gyro
1161 1196 1215 1262 de·

70 1297 243 1362 currebant.
273 1295 328 1362 Sic
344 1297 429 1362 enim
442 1316 506 1361 non
522 1296 696 1362 verendum
711 1302 790 1379 erat,
805 1316 846 1362 ne
862 1296 936 1378 equi
952 1296 1035 1363 falso
1050 1297 1153 1380 gradu
1169 1298 1214 1363 in·

69 1399 208 1482 ciperani
223 1417 307 1464 neve
318 1405 436 1463 metam
451 1399 638 1464 ambeuntos
655 1396 791 1479 gradum
809 1403 981 1463 mutarent:
1001 1419 1110 1465 verum
1121 1405 1217 1482 prout

71 1509 180 1566 natura
195 1506 287 1566 crant
301 1501 487 1584 comparati,
507 1500 636 1566 sinistra
651 1499 897 1582 quadrupedaro
919 1500 1124 1583 incipiebant,
1141 1501 1215 1567 sini·

72 1608 242 1684 strausque
255 1601 404 1668 adfinem
419 1593 522 1684 aequo
533 1602 718 1684 pergebant.
749 1600 908 1666 Continua
920 1602 1150 1669 consuetudine
1161 1602 1217 1669 fie-

72 1704 132 1787 bat,
150 1709 183 1768 ut
198 1705 269 1786 equi
287 1705 424 1769 naturali
440 1703 543 1787 gradu
559 1705 661 1786 magis
676 1703 844 1785 magisque
857 1705 984 1769 exculto
997 1709 1029 1768 et
1041 1706 1216 1771 exercitato

73 1805 182 1872 dextra
195 1804 464 1888 quadrupedatim
475 1805 616 1887 incipere
627 1806 722 1887 plano
734 1807 942 1888 neglegerent
952 1825 989 1871 ac
1001 1806 1217 1888 repudiarent.

152 1909 215 1975 Hic
229 1928 299 1973 mos
315 1928 336 1972 a
351 1907 528 1974 currulibus
544 1907 769 1973 certaminibus
785 1907 883 1972 etiam
901 1904 943 1970 ad
959 1908 1101 1988 equitum
1117 1918 1217 1975 trans·

74 2010 238 2095 ferebatur,
255 2029 449 2092 quamquam
465 2010 564 2091 equiti
577 2015 609 2074 et
623 2028 748 2075 crurum
765 2015 797 2073 et
811 2008 955 2074 verberis
971 2014 1004 2073 ct
1018 2007 1216 2075 habenarum

76 2113 191 2179 anxilio
214 2131 331 2195 equum
353 2112 475 2176 utrovis
497 2109 600 2193 gradu
622 2110 792 2175 admittere
814 2111 914 2174 multo
936 2109 1064 2174 facilius
1088 2118 1145 2177 est.

153 2212 220 2280 Sed
250 2233 313 2278 non
341 2213 374 2277 in
401 2210 627 2278 certaminibus
649 2213 767 2293 solum,
797 2230 907 2276 verum
931 2212 1028 2276 etiam
1051 2212 1083 2275 in
1106 2211 1217 2277 decur-

77 2317 211 2382 sionibus
232 2315 418 2380 funebribus
440 2315 587 2396 aliusque
612 2315 739 2396 generis
764 2314 893 2378 laevum
919 2332 1032 2395 gyrum
1058 2312 1218 2394 praefere-

77 2418 148 2483 bant
168 2419 235 2496 (cfr.
258 2418 296 2483 ll.
323 2419 356 2480 Ψ
375 2422 489 2482 5-14.
514 2417 544 2479 Ω
567 2419 664 2498 14sq.
689 2414 748 2493 Qu.
772 2413 876 2496 Smyr.
899 2414 1025 2479 111694
1043 2418 1135 2496 sqq).
1180 2413 1219 2480 Id

78 2521 199 2601 qnidam
222 2521 361 2587 ostendit
382 2525 510 2602 praeter
532 2519 736 2584 simulacrum
759 2517 792 2580 in
814 2516 894 2580 Mus.
911 2515 1085 2581 Pio-Clam.
1103 2517 1166 2581 vol.
1180 2516 1219 2582 V.

78 2623 134 2686 tab.
145 2621 243 2688 XXX
257 2622 480 2687 adumbratum
499 2619 608 2687 Ovidii
624 2620 714 2685 locos
732 2617 986 2684 Metam.V1225
999 2637 1068 2700 sqq.
1084 2617 1126 2684 de
1141 2618 1219 2684 Nio-

79 2724 132 2790 bae
152 2724 227 2790 filiis
251 2725 284 2790 in
306 2743 420 2805 campo
444 2722 701 2789 decurrentibus:

154 2827 181 2892 li
204 2827 319 2910 quibus
341 2827 495 2907 Ismenos,
519 2825 573 2906 qui
595 2823 689 2887 matri
711 2821 838 2887 sarcina
860 2819 1021 2902 quondam

154 2929 264 2994 Prima
286 2947 364 2994 suae
386 2927 499 3008 fuerat,
523 2925 598 2990 dum
622 2930 772 2990 certum
794 2922 933 2987 flectit
956 2923 995 2986 in
1019 2924 1151 2989 orbem

157 3029 382 3113 Quadrupedis
405 3045 514 3094 cursus
537 3025 782 3108 spumantiaque
806 3044 863 3089 ora
885 3030 1020 3105 coercet,

152 3127 204 3199 ‘Ei
227 3122 337 3197 mihii'
368 3129 556 3210 conclamat,
580 3127 751 3209 medioque
773 3126 806 3190 in
828 3131 957 3207 pectore
979 3124 1046 3189 fixa

155 3236 237 3301 Tela
260 3233 342 3316 gerit
362 3231 525 3312 frenisque
547 3249 643 3294 manu
664 3229 821 3292 moriente
843 3227 984 3293 remissis

155 3337 191 3401 ln
213 3338 298 3401 latus
320 3354 341 3399 a
363 3331 509 3397 dextro
532 3331 687 3414 paulatim
711 3327 822 3396 defluit
844 3349 962 3394 armo.

82 3437 124 3502 lix
149 3438 211 3505 boc
238 3436 412 3503 novissimo
434 3453 530 3500 versu
559 3434 591 3497 in
620 3434 749 3498 laevum
778 3452 892 3516 gyrum
921 3450 977 3496 eos
1000 3429 1221 3496 decucurrisse

82 3545 214 3622 apparet.
258 3537 351 3603 Nisni
374 3536 476 3616 enim,
506 3535 561 3618 qui
583 3556 603 3600 a
624 3535 730 3600 medio
755 3540 901 3599 extrema
922 3533 1055 3613 avertit,
1078 3532 1220 3597 Ismenos

20 3705 21 3722 ,
82 3641 278 3707 moribundus
307 3641 371 3705 iam
399 3658 464 3703 non
492 3637 643 3703 resistens
674 3645 852 3702 extrorsum
881 3654 923 3700 ex
946 3653 1028 3715 equo
1053 3632 1220 3697 excutitur.

20 3727 21 3764 ³
83 3741 195 3810 Tamen
222 3762 327 3824 neque
356 3760 397 3806 ex
425 3739 487 3805 hoc
515 3739 586 3804 loco
615 3758 720 3821 neque
750 3757 791 3803 ex
821 3737 879 3801 illa
908 3734 1050 3815 imagine
1073 3729 1222 3796 concludi

83 3842 148 3911 licet
162 3845 286 3929 equites
301 3842 503 3908 dextrorsum
519 3842 648 3905 omnino
664 3859 727 3905 non
743 3837 950 3921 equitavisse.
972 3833 1113 3898 Minime.
1137 3830 1221 3895 Nam

20 3937 22 3960 '
84 3944 180 4030 imago
201 3966 300 4011 unum
322 3943 418 4009 modo
440 3949 591 4025 punctum
613 3940 767 4023 temporis
789 3938 890 4020 figens
905 3957 969 4002 non
983 3939 1090 4018 potest
1105 3938 1221 3999 utrum-

20 4065 21 4074 *
85 4065 136 4127 que
162 4066 276 4132 gyrum
298 4066 363 4111 nna
386 4043 569 4126 ostendero,
601 4049 633 4108 ct
655 4041 741 4125 apud
764 4039 916 4107 Ovidium
947 4036 1103 4119 incipiunt
1123 4033 1221 4101 modo

20 4137 22 4158 '
85 4147 250 4216 decurrere.
289 4147 325 4213 Si
341 4149 425 4212 enim
442 4146 561 4212 diutius
582 4145 761 4228 equitantes
782 4146 880 4224 poeta
902 4137 1134 4221 descripsisset,
1157 4155 1221 4201 non
