3076 5020
867 993 909 1059 ΙΙ.

687 1123 748 1209 DE
774 1123 927 1210 LAEVO
956 1123 1089 1210 GYRO.
1190 1116 1191 1120 ἵ

394 1298 528 1365 Veteres
550 1304 583 1364 et
603 1297 747 1368 Graecos
766 1304 802 1364 et
822 1299 986 1365 Romanos
1008 1304 1066 1381 et,
1085 1295 1174 1382 qnod
1194 1315 1237 1363 ex
1257 1316 1370 1364 eorum
1393 1315 1466 1363 con-

309 1401 481 1470 suetudine
507 1400 654 1467 conicere
677 1400 769 1482 licet,
798 1399 934 1466 fortasse
962 1405 1086 1466 ceteras
1113 1417 1242 1483 quoqne
1264 1397 1465 1492 antiquitatis

311 1509 424 1588 gentos
439 1502 473 1567 in
489 1501 653 1570 curriculis
668 1520 796 1584 semper
809 1508 843 1568 et
857 1501 976 1583 ubique
988 1503 1009 1578 ¹)
1033 1521 1134 1584 equos
1148 1502 1182 1566 in
1197 1502 1328 1568 laevum
1349 1519 1464 1584 gyrum

310 1605 444 1672 duxisse
466 1603 615 1686 quamvis
636 1621 688 1668 res
710 1602 752 1668 sit
772 1609 866 1687 nota,
891 1609 1000 1670 mmen
1020 1603 1219 1688 plenioribus
1241 1623 1339 1688 quam
1359 1601 1465 1668 adhuc

311 1708 433 1774 factum
449 1710 497 1771 est
510 1702 702 1772 testimoniis
716 1703 951 1772 demonstrabo.
979 1705 1029 1771 Ac
1042 1723 1085 1771 nc
1098 1705 1242 1789 periculo
1265 1705 1398 1790 quidem
1420 1722 1466 1768 re·

310 1808 415 1892 pellar
436 1808 542 1890 locos,
570 1825 651 1888 quos
673 1825 743 1889 cap.
760 1807 852 1872 IIIA
874 1805 1022 1890 afferam,
1052 1813 1209 1891 exparte
1234 1803 1463 1890 praecipiendi.

311 1909 392 1976 Onm
408 1910 493 1976 enim
515 1908 696 1991 scriptores,
718 1909 907 1991 praesertim
929 1914 1055 1991 poetas,
1078 1927 1179 1991 equos
1195 1915 1356 1976 certantes
1369 1909 1464 1988 longe

312 2011 502 2094 saepissime
517 2029 556 2076 eo
572 2009 774 2093 potissimum
789 2016 933 2094 tempore
951 2009 1144 2094 describant,
1161 2029 1225 2094 quo
1245 2011 1333 2078 circa
1350 2017 1466 2076 metam

310 2111 456 2194 flectunt,
479 2112 557 2196 qnia
577 2111 612 2177 id
633 2117 757 2195 tempus
779 2131 838 2194 pro
859 2101 1003 2196 periculo
1026 2131 1083 2178 suo
1106 2113 1231 2178 ammos
1253 2113 1287 2178 in
1309 2131 1465 2180 summam

312 2215 587 2298 exspectationem
614 2212 761 2296 adducit,
789 2211 826 2278 fit
855 2219 891 2278 nt
918 2212 1017 2279 iidem
1043 2215 1111 2280 fere
1139 2215 1203 2280 loci
1225 2215 1319 2280 simul
1350 2214 1414 2280 huc
1435 2217 1465 2277 at

312 2318 389 2384 illuc
417 2321 569 2400 spectent
621 2314 701 2380 Sunt
728 2321 835 2382 autom
869 2316 1067 2398 testimonia,
1100 2316 1134 2381 in
1161 2335 1245 2399 quae
1273 2321 1464 2383 auctores

315 2424 531 2503 perscrutatus
553 2416 663 2498 incidi,
687 2415 783 2484 haec:

313 2537 351 2604 Il.
372 2539 406 2600 Ψ
419 2537 580 2602 335-38:

404 2628 505 2712 αὐτὸς
528 2633 564 2699 δὲ
586 2633 766 2718 κλινθῆναι
788 2631 957 2722 ἐυπλέκτῳ
981 2633 1029 2702 ἐνὶ
1052 2635 1163 2723 ὁλφρῳ

397 2721 452 2825 ἧκ’
479 2727 543 2800 ἐπ’
570 2727 773 2821 ἀριστερὰ
795 2749 896 2804 τοιῑν·
921 2730 1006 2824 ατὰρ
1027 2735 1086 2803 τὸν
1110 2736 1250 2816 δεξιὸν
1272 2739 1382 2806 ἵππον

398 2842 512 2904 κένσαι
534 2833 732 2924 ὁμοκλήσας,
756 2832 843 2914 εἶξαί
864 2861 900 2903 τε
923 2838 956 2904 οἱ
976 2834 1055 2925 ήνία
1075 2845 1198 2923 χερσίν.

400 2938 434 3005 ἐν
457 2938 558 3026 νύσσῃ
583 2940 620 3004 δέ
641 2964 695 3006 τοι
716 2939 826 3017 ἵππος
849 2934 1069 3026 ἀριστερὸς
1090 2939 1340 3031 ἐγχριμφθήτω.

314 3043 414 3128 soph.
430 3045 479 3110 si.
500 3045 662 3109 rso-22:

399 3157 507 3221 κεῖνος
529 3136 561 3209 δ’
587 3136 650 3208 ὑπ’
678 3134 780 3232 αὐτήν
803 3141 943 3230 ἐσχάτην
967 3142 1088 3231 στήλην
1112 3143 1193 3226 ἔχων

401 3239 556 3330 ἔχριμπτ’
583 3238 637 3311 ἀεὶ
660 3244 806 3330 σύριγγα,
830 3245 849 3311 d
857 3244 902 3322 εξ
908 3244 973 3312 ιόν
994 3238 1027 3310 τ’
1054 3238 1146 3323 ἆνεὶς

403 3360 551 3429 σειραῖον
574 3347 685 3414 ἵππον
708 3343 795 3432 εἶργε
817 3345 876 3413 τὸν
898 3351 1145 3432 προςκελμενον.

316 3452 358 3516 ib·
377 3453 539 3517 743-45:

401 3543 510 3618 ’ἔπειτ’
538 3542 684 3616 ἀνέλκων
694 3553 719 3627 ²)
740 3544 836 3635 ἡνίαν
859 3541 1090 3635 ἀριστερὰν

399 3651 670 3737 κάμπτοντος
692 3650 828 3717 ἵππου
851 3650 1014 3718 λανθάνει
1037 3651 1159 3748 στήλην
1182 3647 1283 3737 ἄκραν

401 3761 539 3832 παίσας.

404 3896 428 3953 1)
446 3888 561 3958 Excipio
579 3887 766 3942 dimicationes
783 3888 811 3942 in
831 3887 910 3942 circis
924 3887 1054 3941 Romanis
1071 3887 1169 3950 factas,
1187 3887 1236 3942 ubi
1253 3889 1298 3957 qni
1317 3890 1464 3957 equitume
1519 3901 1520 3904 ¹

318 3974 434 4028 sinistris
460 3973 614 4028 carceribus
633 3976 860 4040 excucurrerunt,
886 3973 981 4027 dextra
998 3973 1249 4043 quadrupedabsnt.
1285 3971 1339 4028 Sed
1358 3990 1406 4044 ego
1422 3971 1463 4027 hic

318 4059 376 4114 sola
394 4059 543 4114 certamina
561 4073 635 4126 curo,
654 4073 709 4112 non
727 4056 922 4114 dimicationes.

403 4147 428 4210 2)
446 4143 587 4199 Arndtius.
605 4142 700 4211 Vulgc
719 4136 816 4198 ἔπειτα
834 4138 917 4199 λύων.
