3076 5020
381 378 413 432 Β.
441 377 492 431 DE
510 378 751 434 HIPPODROMO
770 380 972 437 NONNIANO.
1212 384 1251 443 23

84 557 189 632 tergo
213 557 437 616 consecuturus
460 557 521 616 est:
543 551 678 634 perinde
694 555 791 618 etiam
806 556 894 636 prius
913 575 1009 637 quam
1025 557 1080 621 ille
1095 556 1139 620 ad
1154 556 1249 623 finem

84 650 233 717 advenit
255 659 318 726 (vv.
335 656 396 714 477
409 652 501 734 sqq.).

183 753 318 819 Nonnus
340 754 514 818 Homerum
537 755 569 819 in
593 774 631 819 eo
654 775 782 838 quoque
797 765 924 824 secutus
945 765 1002 840 est,
1026 759 1112 841 quod
1136 759 1248 843 hippo-

87 855 203 920 dromi
218 857 385 938 planitiem
402 857 472 921 louo
489 855 689 938 depressiore
712 858 926 925 intermissum
942 860 1019 926 fecit
1033 882 1086 926 vv.
1104 863 1164 924 397
1178 882 1248 945 sqq.
1316 883 1318 888 ’

89 959 150 1035 (--
165 957 205 1021 Il.
226 959 260 1018 Ψ
272 961 334 1020 420
346 959 443 1040 sqq.):

227 1055 356 1140 ῥωχμὸς
379 1057 434 1144 ἔην
455 1056 682 1141 βαθύκολπος,
706 1055 744 1124 ὃν
767 1056 917 1146 ἐξέρρηξε
939 1059 1100 1126 κελεύθου

222 1165 372 1245 χειμερίῃ
395 1158 534 1244 μάστιγι
555 1156 640 1235 Διὸς
662 1158 884 1242 μετανάστιον
905 1154 995 1246 ὕδωρ

225 1254 368 1346 ἠερόθεν
391 1266 607 1346 αροχέοντος·
631 1259 811 1346 ἑεργομένῳ
835 1261 870 1327 δὲ
893 1263 1023 1350 ῥεέθρῳ

225 1358 351 1448 ὄμβρον
372 1363 562 1448 χειοτόμοιο
585 1362 680 1451 ῥάχις
701 1365 887 1430 κοιλαίνενο
909 1372 1014 1453 γαίης.

88 1465 129 1530 In
154 1465 219 1534 hoc
241 1474 383 1533 extremo
406 1487 500 1534 versu
527 1464 620 1551 ῥάχις
649 1467 727 1550 quid
756 1468 798 1534 sit
826 1471 998 1550 quaeritur.
1043 1469 1176 1552 Proprie
1200 1476 1249 1536 ost

90 1567 245 1635 animalis
259 1571 353 1655 spina
367 1571 559 1653 prominens,
575 1577 610 1634 ut
621 1569 698 1634 XLI
708 1572 776 1634 187.
797 1569 904 1634 XLIII
917 1573 956 1633 43
969 1571 1060 1636 tauri.
1084 1571 1176 1636 XLII
1185 1573 1246 1636 250

91 1669 200 1736 boris.
234 1671 293 1736 XL
309 1675 348 1733 47
367 1671 440 1736 ursi.
473 1671 619 1736 XXXIX
635 1674 706 1735 349.
741 1671 974 1737 XLII8Euri.
1008 1673 1096 1737 XLV
1113 1675 1176 1736 342
1200 1670 1248 1748 εἰς

92 1769 191 1856 ῥάχιν
208 1765 308 1858 άκρην
323 1773 471 1839 hominis.
505 1774 584 1838 Inde
600 1774 787 1838 transfertur
808 1773 851 1838 ad
870 1774 976 1839 locum
992 1774 1111 1839 editum
1134 1775 1247 1859 spinae

92 1873 246 1957 similem,
269 1877 357 1940 velut
378 1875 453 1939 XLI
471 1878 519 1938 15.
542 1875 680 1940 XLVIII
695 1878 745 1939 37.
764 1878 823 1940 199
846 1874 987 1940 Isthmus
1005 1877 1117 1959 spinae
1133 1877 1247 1943 similis

93 1997 112 2042 o
128 1978 210 2042 mari
226 1996 442 2060 promergens,
464 1976 602 2040 XLVIII
618 1979 658 2040 73
674 1978 789 2042 montis
805 1976 931 2058 Haemi,
954 1977 1046 2041 XLII
1063 1980 1133 2042 131.
1158 1978 1247 2043 XLV

93 2081 168 2143 203.
186 2081 257 2144 229.
274 2081 345 2142 286.
375 2078 479 2143 XLVI
495 2080 524 2141 3.
554 2078 675 2144 XLVII
692 2081 761 2142 143.
779 2081 840 2141 295
864 2079 955 2143 collis
978 2080 1144 2144 silvestris.
1190 2080 1247 2147 Sic

93 2180 285 2263 saepissime
308 2181 348 2246 de
372 2180 506 2246 collibus
529 2188 699 2262 usurpatur
721 2185 768 2255 (nt
781 2177 878 2243 Anth.
898 2179 966 2243 Pal.
983 2180 1044 2244 VH
1059 2182 1136 2245 657:
1159 2186 1246 2245 Ποι-

94 2279 190 2363 μένες
213 2283 247 2346 οἳ
268 2279 391 2368 ταύτην
413 2274 509 2364 ὄρεος
531 2278 625 2362 ῥάχιν
648 2278 859 2356 οἰοπολεῑτε).
904 2281 1021 2345 Nostro
1043 2289 1150 2347 autem
1174 2285 1246 2351 loco

95 2387 213 2450 collem
234 2384 407 2467 significari
422 2403 516 2466 nego.
550 2384 594 2450 Ut
617 2383 701 2447 enim
724 2383 816 2448 collis
839 2382 888 2464 sit,
913 2381 1044 2447 hicnon
1064 2403 1123 2466 per
1145 2391 1246 2452 trans·

95 2506 225 2553 versum
242 2485 488 2570 hippodromum
500 2486 660 2568 pertinere
674 2484 786 2567 possit,
802 2483 859 2549 scd
872 2483 1047 2548 secundum
1059 2486 1128 2552 eius
1143 2488 1246 2570 longi·

96 2589 248 2654 tudinem.
292 2589 352 2654 Ille
375 2595 497 2653 torrens
520 2593 576 2651 aut
603 2592 695 2652 extra
721 2605 852 2651 arenam
880 2592 935 2648 aut
965 2587 1047 2651 intra
1069 2589 1245 2654 seeundum

96 2692 211 2757 collem
238 2688 336 2756 fluere
359 2689 550 2772 cogitandus
578 2690 628 2754 sit.
674 2686 710 2752 Si
732 2694 823 2752 extra
851 2706 981 2752 arenam
1003 2685 1105 2755 fluens
1129 2692 1244 2757 collem

97 2793 319 2875 excavarent,
348 2790 390 2856 ad
422 2791 550 2872 aurigas
580 2788 661 2855 haec
689 2791 858 2856 execratio
891 2788 972 2852 nihil
1004 2792 1134 2875 attinet,
1169 2795 1246 2875 qnia

97 2893 211 2960 collem
239 2913 304 2958 non
332 2899 499 2975 superant,
529 2911 571 2957 ne
593 2890 734 2957 Achates
763 2890 901 2973 quidem.
945 2890 980 2955 Si
1010 2892 1092 2957 intra
1114 2914 1243 2959 arenam

96 2994 189 3076 fluat,
219 3001 376 3060 certantes
406 2996 497 3060 collis
526 3013 698 3060 cavernam
726 2999 888 3075 nequeunt
909 2995 1037 3075 assequi
1064 3002 1244 3078 propterea,
1328 3003 1331 3010 '

97 3095 182 3179 quod
204 3116 330 3161 amnem
354 3095 497 3163 curribus
519 3114 670 3178 superare
698 3114 762 3159 non
788 3100 936 3176 possunt:
966 3115 1136 3161 cavernam
1159 3099 1244 3163 enim

98 3205 182 3263 tram
211 3216 284 3262 sum
314 3198 408 3262 sitam
432 3216 502 3262 esse
524 3216 656 3262 necesse
685 3202 742 3261 est.
787 3195 866 3261 (lum
889 3197 986 3278 igitur
1009 3198 1100 3262 colIIs
1123 3198 1244 3280 alguid-

98 3300 180 3366 catio
202 3318 265 3363 non
288 3298 433 3381 quadret,
457 3295 551 3383 ῥάχις
572 3304 628 3363 ant
643 3298 684 3362 de
705 3298 772 3362 acri
795 3299 943 3362 torrentIs
966 3300 1109 3380 margine
1131 3307 1187 3365 ant
1202 3300 1244 3367 de

98 3399 262 3483 superficie
285 3406 388 3465 terrae
411 3399 662 3483 intellegendum
685 3405 741 3465 est.
780 3399 897 3464 Verum
919 3406 1063 3464 neutrum
1086 3405 1243 3487 exemplis

97 3509 201 3587 potest
214 3501 342 3567 firmari.
377 3502 495 3568 Contra
510 3504 607 3567 etiam
622 3502 710 3567 notio
726 3501 838 3583 spinae
853 3508 983 3582 pugnat.
1016 3501 1119 3568 Immo
1143 3504 1243 3569 latum

99 3611 129 3670 ct
149 3605 278 3687 planum
300 3609 423 3684 tergum
447 3604 617 3669 cuiuslibet
638 3605 685 3668 rei
701 3603 816 3668 Graeci
837 3621 919 3668 voce
942 3603 1045 3665 νῶτον
1066 3606 1242 3690 appellant,

98 3712 132 3771 ut
151 3726 181 3770 r.
204 3706 265 3767 460
288 3723 415 3769 arenae.
449 3704 595 3769 XXXIX
618 3707 689 3768 369.
713 3708 783 3769 399.
816 3703 925 3768 XLIII
947 3704 987 3765 35
1010 3706 1116 3770 maris.
1151 3705 1243 3772 XLII

97 3804 244 3871 aetheris.
277 3805 447 3871 ΙΙ.Β159.
481 3804 667 3890 Oualla:
691 3797 787 3885 εὐρέα
810 3806 898 3868 νῶτα
921 3801 1108 3890 θαλάσσης.
1148 3807 1241 3872 Piud.

97 3907 140 3972 IV
154 3909 210 3970 26:
234 3903 270 3981 ἐξ
287 3897 439 3969 Ὠκεανοῦ
464 3905 608 3992 φέρομεν
638 3903 751 3971 νώτων
772 3898 857 3990 ὅπερ
878 3911 976 3991 χαίοις
999 3903 1128 3990 ἐρήμων
1152 3904 1242 3970 εἰνά-

99 4007 166 4074 λιον
194 4005 283 4089 δόρυ.
335 4007 417 4072 Plnt.
440 4008 574 4074 Flamin.
598 4011 632 4073 9:
663 4010 862 4084 Θεσσαλίας.
913 4009 1019 4075 Unum
1047 4009 1242 4092 investigavi

97 4112 214 4193 locum,
237 4110 309 4192 nbi,
332 4111 409 4192 quid
433 4105 525 4195 ῥάχις
548 4110 719 4195 significet,
744 4111 883 4177 dubitari
905 4111 1023 4193 possit,
1051 4110 1148 4175 Anth.
1172 4112 1242 4177 Pal.
