3076 5020
305 411 346 472 38
691 410 726 464 11.
753 409 804 464 DE
821 407 945 465 LAEVO
964 408 1072 464 GYRO‚
1257 407 1260 416 ¹

305 583 510 669 gentissimos
523 589 657 651 naturae
672 583 897 651 observatores
912 588 944 650 et
957 583 1099 648 fautores
1114 581 1270 648 invenies.
1304 580 1454 647 Animad-
1517 601 1518 604 ¹

305 691 469 752 verterunt
496 685 581 753 enim
609 705 763 770 equorum
791 691 937 752 naturam
970 683 1016 750 ita
1048 690 1267 768 comparatam
1301 703 1391 768 esse,
1425 690 1456 748 ut

305 788 436 856 sinistra
456 787 703 872 quadrupedare
716 791 737 865 ¹)
759 807 856 872 quam
884 786 1000 854 dextro
1026 788 1148 854 malint.
1192 785 1291 854 (iuius
1314 785 1361 852 roi
1385 805 1455 852 oau-

305 909 375 958 sam
397 907 439 956 ex
460 895 576 956 natnra
595 889 729 973 potitam
750 889 954 957 Godofredns
975 889 1177 955 Romamne
1199 889 1233 953 in
1254 887 1457 955 Commenta·

305 993 393 1059 tione
422 990 463 1058 de
491 991 618 1075 verbis,
652 991 767 1075 quibus
795 993 914 1059 Graeci
940 991 1100 1058 inoessnm
1129 1009 1284 1075 equorum
1313 989 1456 1055 indicant
1518 1049 1519 1090 ᾗ

306 1097 369 1180 (op.
385 1095 457 1160 169
472 1097 566 1178 squ),
588 1099 674 1159 reete
695 1093 830 1178 profert:
850 1086 938 1159 ‘Non
960 1082 1157 1176 ostentam,
1180 1093 1227 1159 ait
1245 1085 1455 1158 ‘eonsuetudo

304 1197 364 1263 iila
379 1215 478 1280 equos
494 1196 527 1260 in
542 1194 704 1262 onrulibus
719 1193 946 1262 certaminibus
961 1195 994 1260 in
1014 1196 1144 1261 laevam
1162 1191 1313 1260 flectendi
1335 1199 1456 1258 temere

305 1305 385 1366 orta.
428 1297 514 1364 Nam
541 1297 616 1379 oqui
645 1297 735 1363 nulla
762 1301 832 1363 arte
861 1302 893 1362 et
914 1296 1088 1380 disciplina
1113 1295 1231 1363 eruditi
1252 1301 1370 1362 natura
1392 1295 1457 1360 fere

253 1467 257 1474 ,
305 1401 409 1468 solent
436 1399 563 1465 tolutim
590 1397 720 1464 sinistra
747 1397 811 1481 ire,
844 1399 922 1481 quia
950 1399 997 1465 sio
1024 1399 1058 1464 in
1090 1404 1180 1465 utero
1210 1403 1394 1480 gestantur,
1425 1399 1457 1460 ut

305 1502 421 1568 dextro
444 1519 532 1566 armo
548 1499 652 1583 magis
667 1505 810 1566 ooartoto
825 1499 957 1568 liberior
971 1501 1013 1568 sit
1027 1491 1181 1568 sinister'.
1214 1499 1315 1566 Porro
1339 1518 1457 1582 equum

305 1601 515 1689 quadrupedo
537 1600 641 1685 gradu
663 1600 864 1668 inoedentem
885 1602 957 1669 sive
971 1603 1091 1686 angulo
1112 1603 1183 1670 sive
1204 1621 1284 1686 gyro
1306 1601 1395 1667 iaoto
1418 1599 1456 1666 de

304 1709 394 1772 reeta
415 1704 520 1770 subito
543 1700 705 1785 deflentes,
728 1721 768 1768 ea
789 1722 916 1787 semper
938 1703 1206 1787 quadrupedatim
1228 1703 1383 1788 progredi
1406 1721 1457 1767 ne·

305 1826 396 1875 cesse
411 1811 469 1890 est,
493 1823 645 1888 quaeum
660 1802 793 1871 flexisti:
815 1805 843 1872 si
858 1804 955 1888 igitur
969 1804 1013 1872 ad
1028 1806 1190 1872 sinistram
1205 1825 1278 1872 eum
1294 1804 1457 1884 dedentes,

305 1909 435 1976 sinistra
456 1905 702 1990 quadrupedore
723 1913 854 1991 perget,
879 1907 929 1974 sin
950 1906 994 1973 ad
1015 1906 1180 1990 desuem,
1210 1906 1340 1975 dextra:
1372 1905 1457 1992 quod

305 2016 341 2076 ut
362 2009 476 2092 faeiat,
505 2008 568 2075 nisi
589 2029 611 2075 a
632 2014 754 2075 reotore
783 2008 948 2092 innitetur,
978 2010 1047 2094 ipse
1069 2030 1129 2077 sua
1156 2016 1271 2093 sponte
1292 2009 1390 2094 iuoit,
1418 2027 1457 2072 ne

304 2111 471 2188 labatnr.²)
514 2107 621 2188 Quare
649 2107 700 2195 fit,
729 2118 765 2177 ut
791 2131 892 2195 equus
921 2111 1051 2178 sinistra
1078 2113 1220 2196 exempli
1249 2112 1356 2196 gratia
1383 2131 1457 2196 quu-

305 2212 511 2298 drupedatim
538 2217 627 2279 reeta
653 2210 842 2296 decurrens,
871 2213 898 2280 si
927 2219 1058 2296 repente
1087 2213 1131 2280 ad
1158 2212 1307 2281 dextram
1329 2213 1457 2281 defleoti

305 2316 446 2398 cogitur,
474 2313 578 2397 gradu
606 2315 774 2381 immutato
797 2314 912 2382 dextra
939 2315 1185 2400 quadrupedare
1209 2321 1339 2400 perget,
1372 2313 1457 2399 qnod

305 2435 370 2483 non
391 2416 461 2482 sine
484 2415 552 2482 ulla
573 2415 811 2500 perturbatione
833 2415 903 2484 fieri
918 2417 1011 2502 solet,
1033 2419 1061 2485 si
1079 2418 1269 2501 praesertim
1291 2439 1356 2484 non
1381 2417 1456 2484 satis

305 2517 369 2585 hoo
390 2517 583 2584 exercitatus
605 2517 648 2584 sit
668 2524 765 2601 atque
787 2519 895 2586 animo
917 2521 1087 2587 oonoitato.
1122 2520 1250 2589 Deinde
1272 2521 1306 2588 id
1329 2535 1456 2603 quoque

306 2619 472 2687 soiendum
493 2623 543 2684 est
563 2615 634 2684 fieri
654 2638 719 2684 non
740 2638 846 2705 posse,
868 2626 904 2686 nt
926 2623 1039 2706 auriga
1061 2623 1130 2690 solo
1149 2623 1284 2690 verbere
1306 2629 1457 2706 quattuor

306 2740 407 2804 equos
434 2741 500 2785 una
526 2726 583 2786 aut
610 2720 725 2788 dextra
753 2727 809 2788 eut
836 2723 966 2790 sinistra
996 2725 1161 2811 admittat,
1195 2727 1365 2810 quianon
1395 2741 1455 2790 uno
1521 2777 1522 2782 ,

306 2822 486 2905 eodemque
507 2827 653 2907 tempore
668 2823 809 2891 omnium
823 2824 926 2892 latera
940 2833 1047 2910 potest
1064 2830 1246 2896 verberare.
1278 2828 1345 2893 Fae
1360 2829 1456 2911 igitur
1521 2837 1522 2858 *

305 2925 421 2991 dextro
450 2924 527 2991 orbe
555 2925 701 3008 aurigam
728 2925 860 2993 rudibus
891 2931 982 3012 equis
1005 2931 1091 2996 velle
1117 2930 1295 2997 deonrrere.
1341 2929 1455 2996 Nonne

305 3026 484 3110 perieulum
512 3032 576 3110 est,
604 3044 645 3092 ne
673 3027 736 3094 nisi
766 3048 891 3113 omnes,
920 3032 1065 3097 nonnulli
1092 3037 1177 3098 oerte
1205 3033 1280 3116 eqni
1309 3051 1368 3116 pro
1399 3050 1457 3098 sua

305 3133 421 3195 natura
441 3129 571 3195 sinistra
593 3129 838 3212 quadrupedare
853 3132 1032 3216 incipiant?
1064 3133 1104 3200 Id
1122 3133 1198 3201 dum
1214 3140 1303 3201 reeta
1317 3134 1454 3214 uehitur,

305 3229 387 3296 nihil
417 3230 448 3296 ei
476 3229 570 3297 affert
598 3229 794 3316 detrimenti,
823 3234 886 3301 nisi
914 3235 1002 3318 qnod
1030 3255 1154 3306 oureus,
1185 3238 1212 3304 si
1238 3237 1330 3303 vario
1353 3233 1455 3321 gradu

306 3330 467 3415 inoednnt,
490 3333 594 3399 minus
618 3339 666 3400 est
681 3341 830 3402 oonstans
845 3356 884 3402 ao
899 3339 1105 3420 compositus.
1139 3337 1220 3405 (ium
1235 3359 1313 3406 vero
1337 3339 1454 3405 oiroum

305 3439 425 3497 metam
440 3433 602 3500 artissimo
618 3435 737 3502 oiroulo
752 3435 797 3502 ad
811 3436 958 3505 dextram
975 3459 1080 3523 paene
1102 3448 1187 3507 retro
1210 3441 1241 3507 ei
1262 3439 1454 3507 fleetendum

395 3586 418 3646 1)
436 3581 635 3637 Discedendum
653 3584 747 3654 putori
763 3587 798 3640 ab
816 3601 848 3640 eu
860 3601 990 3656 equorum
1001 3591 1123 3646 incessus
1135 3591 1234 3646 Latina
1252 3589 1454 3659 significatione,

306 3681 387 3736 quarn
407 3665 577 3722 Godoiredus
600 3667 771 3725 Hermannus
795 3671 928 3727 adhibuit.
965 3673 1042 3741 Quod
1064 3674 1135 3729 enirn
1152 3676 1226 3745 apud
1243 3675 1319 3730 illum
1337 3670 1455 3731 ‘tolutim

304 3741 366 3817 ire',
389 3751 461 3805 idem
484 3752 557 3821 apud
580 3767 623 3807 me
647 3756 690 3807 est
707 3747 935 3824 ‘quadrupedem
961 3759 1184 3830 quadrupedatim
1202 3761 1255 3827 ire,
1278 3759 1453 3831 quadrupedo

305 3828 443 3890 incedere’
456 3829 682 3906 t‘galoppieren'),
701 3854 763 3892 cum
774 3840 936 3909 scriptorum
947 3843 1015 3898 loeis
1027 3847 1186 3902 examinatis
1198 3845 1263 3900 mihi
1275 3847 1454 3916 persuaserim

306 3920 414 3975 tolutim
431 3922 523 3989 potius
540 3923 568 3976 id
586 3923 745 3991 significare,
764 3926 836 3993 qnod
853 3942 903 3982 nos
917 3921 1017 3984 ‘Trab'
1034 3931 1090 3986 sire
1102 3925 1209 3985 ‘Trott‘
1227 3931 1403 4000 appellamus.

392 4009 418 4071 2)
434 4005 505 4059 Xen.
523 4005 557 4061 de
574 4021 603 4061 re
620 4023 681 4078 equ.
700 4025 724 4065 o.
744 4009 795 4064 VII
812 4013 889 4079 §122
910 4016 966 4070 Καὶ
983 4009 1040 4087 γὰρ
1061 4015 1187 4086 πέφυκεν
1205 4009 1221 4073 ὁ
1238 4013 1329 4083 ἵππος
1346 4017 1386 4084 εἰς
1403 4017 1453 4087 μὲν

305 4107 342 4145 τα
360 4084 434 4156 δεξιὰ
453 4086 652 4162 στρεφόμενος
669 4103 731 4159 τοῖς
748 4098 849 4161 δεξιοῖς
866 4091 1048 4170 ἀφηγεῖσθαι,
1066 4100 1106 4167 εἰς
1119 4093 1250 4172 εὐώνυμα
1268 4102 1298 4160 δὲ
1316 4112 1377 4169 τοῖς
1395 4100 1452 4178 ἄρι-

307 4182 428 4246 στεροῖς.
