3076 5020
646 1077 672 1140 I.

86 1225 147 1309 llll
175 1223 393 1310 EQUORUM
412 1224 681 1309 succidetis
701 1223 928 1308 escriols
951 1222 1232 1310 bustellus

173 1433 223 1498 De
245 1431 444 1513 equestribus
466 1435 609 1499 veterum
633 1431 857 1500 certaminibus
876 1430 1041 1513 quaerenti
1055 1411 1233 1500 uberrimub

86 1533 158 1599 lons
188 1540 289 1599 scatet
317 1555 358 1601 ex
387 1535 548 1619 epicorum
582 1533 855 1619 descriptionibus.
906 1532 1046 1610 Quarum
1080 1553 1162 1616 quae
1190 1534 1233 1601 ad

87 1635 213 1702 Graeca
234 1635 402 1720 pertinent,
427 1656 482 1703 eas
505 1636 706 1703 considerare
728 1656 811 1701 nunc
827 1635 904 1700 mihi
925 1636 1075 1720 proposui
1096 1637 1143 1702 ita
1165 1637 1232 1719 qui<

86 1736 177 1820 dem,
208 1744 327 1803 utnon
350 1729 457 1804 omnia
478 1758 500 1803 a
522 1740 700 1805 carceribus
722 1738 765 1820 ad
788 1740 907 1804 calcem
930 1747 1078 1805 accurate
1101 1759 1233 1824 perpen-

87 1840 173 1924 dam,
196 1861 305 1908 verum
321 1840 471 1906 liberiore
488 1841 626 1922 quodam
642 1841 783 1925 arbitrio,
800 1859 1008 1924 quaecunque
1024 1840 1102 1905 mihi
1117 1839 1234 1908 idonea

87 1942 290 2028 videbuntur,
314 1941 441 2025 eligam.
480 1941 560 2008 Sunt
581 1950 688 2010 autem
712 1942 939 2026 descriptiones
954 1943 1094 2024 Homeri,
1116 1943 1233 2028 Nonni,

87 2046 197 2124 Quinti
219 2043 403 2129 Smyrnaei,
433 2045 538 2111 Statii.
582 2047 737 2128 Neglecto
767 2050 944 2130 temporum
973 2045 1085 2112 ordine
1107 2047 1153 2112 sic
1175 2047 1233 2114 hos

88 2154 237 2231 quattuor
266 2147 415 2214 ordinare
443 2147 547 2214 visum
569 2154 632 2230 est,
663 2154 697 2213 ut
720 2166 782 2228 quo
810 2146 944 2228 quisque
967 2147 1106 2215 Homero
1129 2149 1232 2216 imita-

88 2251 173 2316 tione
202 2250 409 2334 propinquior
437 2250 494 2333 sit,
529 2270 567 2316 eo
597 2249 778 2333 propiorem
806 2249 854 2315 illi
883 2251 988 2315 locum
1017 2256 1134 2317 teneat.
1185 2253 1234 2318 no

88 2372 197 2419 omnes
221 2357 370 2435 quattuor
391 2358 507 2435 poetae
534 2351 617 2417 inter
638 2371 673 2417 se
696 2356 885 2435 congruunt,
914 2351 1000 2433 quod
1028 2353 1061 2417 in
1087 2351 1233 2419 ludorum

87 2454 265 2521 funebrium
287 2453 502 2520 celebratione
525 2453 699 2519 certamina
721 2453 841 2519 institui
863 2451 993 2538 fingunt.
1033 2455 1127 2520 Hunc
1149 2455 1233 2521 enim

88 2554 318 2638 antiquissimis
351 2555 547 2638 temporibus
575 2557 607 2620 in
640 2556 819 2640 principum
853 2556 1014 2637 exsequiis
1048 2558 1233 2624 sollemnem

88 2659 280 2723 Graecorum
296 2679 415 2724 morem
430 2657 529 2724 luisse
552 2659 732 2745 complures
754 2658 815 2725 loci
839 2657 1018 2725 testimonio
1041 2666 1123 2744 sunt,
1146 2663 1235 2727 velut

88 2760 148 2827 Od.
173 2785 198 2824 ω
222 2764 341 2843 87-9,
371 2761 424 2825 ubi
447 2760 645 2845 Agamemno
673 2761 768 2827 funus
790 2760 924 2826 Achillis
952 2782 1131 2829 memorans
1154 2765 1234 2832 haec

89 2863 177 2928 dicit:

152 2958 213 3052 ἤδη
236 2963 296 3045 μὲν
318 2965 482 3029 πολέων
504 2963 602 3051 τάφῳ
626 2961 754 3048 ἀνδρῶν
780 2957 1003 3051 ἀντεβόλησας

150 3062 277 3152 ἡρώων,
302 3057 357 3130 ὅτε
378 3070 432 3132 κέν
454 3061 533 3132 ποτ’
562 3060 861 3153 ἀποφθιμένου
883 3067 1085 3152 βασιλῆος

153 3167 330 3246 ζώννυνταί
350 3193 386 3232 τε
408 3172 477 3233 νέοι
498 3171 553 3234 καὶ
576 3167 818 3234 ἐπεντύνονται
841 3162 959 3248 ἄεθλα,

91 3273 277 3355 quibuscum
300 3273 442 3337 conferas
461 3272 567 3354 Apoll.
589 3271 691 3338 Rhod.
713 3271 760 3336 III
785 3274 945 3336 1271-4:

153 3364 346 3440 ...ὁππότ’
367 3366 831 3458 ἄεθίακαταφθιμένοιο
856 3366 1032 3450 ἄνακτος

152 3474 327 3562 κηδεμόνες
350 3473 482 3552 πεζοῖσι
503 3475 558 3539 καὶ
583 3471 792 3561 ἱππήεσσι
814 3478 978 3555 τίθενται,

89 3581 130 3647 ib.
152 3582 167 3645 Ι
193 3582 287 3644 1057:

586 3657 804 3748 ἐπειρήσαντό
827 3653 859 3724 τ’
887 3652 1029 3742 ἀέθλων,

151 3741 172 3836 ,ί
194 3751 335 3831 θέμις,

89 3855 125 3919 ΙΙ.
145 3855 179 3916 Ψ
192 3853 335 3916 oro-31
360 3848 505 3914 Nestoris
528 3847 639 3913 verba:

154 3946 224 4020 εἴθ’
251 3949 296 4027 ὥς
318 3946 472 4038 ἡβώοιμι,
495 3955 550 4036 βίη
574 3953 690 4032 τέμοι
713 3947 857 4030 ἔμπεδος
880 3949 940 4036 ε’ίη,

153 4053 197 4133 ὡς
220 4050 326 4120 ὁπότε
347 4045 485 4136 κρείοντ1
508 4045 716 4136 Ἀμαρυγκέα
738 4049 875 4117 θάπτον
894 4045 1021 4117 Ἐπειοί

159 4161 370 4240 Βουπρασίῳ,
394 4154 546 4229 παῖδες
571 4149 601 4217 d'
630 4154 786 4219 ἔθεσαν
808 4156 1009 4240 βασιλῆος
1033 4148 1176 4220 α’ίεθία.

1002 4258 1032 4306 1*
