3072 5012
496 392 530 443 Δ.
557 391 607 444 DE
625 390 860 446 CARCERIBUS.
1212 393 1253 452 79

83 563 179 627 l'allu
204 566 335 627 tourner
355 582 417 628 une
445 563 601 644 premiere
630 564 728 629 borne
757 572 854 628 avant
877 564 917 630 de
939 583 974 630 se
996 570 1125 633 trouver
1145 587 1199 632 sur
1220 568 1253 631 la

84 669 207 731 meme
228 665 317 748 ligne
339 685 401 746 que
423 666 509 729 leurs
532 685 731 746 concurrens,
754 686 790 731 ce
806 666 859 747 qui
876 669 930 731 ebt
945 686 1059 733 encore
1082 674 1253 749 augmeute

84 770 165 834 leur
194 767 445 850 desavantage.“
491 767 587 831 Hirtii
608 775 760 852 punctum
782 769 941 851 normale,
970 769 1055 850 quod
1077 789 1178 853 prope
1205 771 1252 833 iu-

84 871 253 935 teriorem
282 878 399 935 metam
427 869 550 953 posuit,
582 869 623 934 ab
647 869 830 936 Hermanno
858 871 903 954 (p.
928 871 960 953 8)
989 879 1021 937 et
1049 870 1252 938 Lebndorffio

85 973 137 1053 (p.
158 973 221 1052 25)
253 971 376 1037 affatim
407 979 455 1038 est
483 971 688 1037 confutatum.
733 972 855 1050 Quibus
879 973 983 1038 causis
1011 973 1160 1054 quoniam
1181 995 1251 1059 per-

86 1094 212 1158 peram
235 1074 309 1139 illos
331 1083 432 1137 totam
454 1076 610 1157 porticum
632 1074 742 1159 oppidi
761 1077 821 1140 alis
837 1077 1021 1160 complexos
1037 1095 1107 1142 esse
1123 1077 1253 1142 demon-

87 1187 230 1258 stratur,
253 1196 293 1242 ue
315 1175 490 1255 obliquatio
513 1176 643 1260 quidem
660 1179 841 1243 necessaria
857 1185 917 1244 est:
942 1180 969 1244 si
985 1198 1061 1245 vero
1076 1179 1253 1260 obliquatio

87 1281 240 1360 tollitur,
269 1289 404 1344 nonest
427 1279 512 1363 quod
536 1281 681 1346 dextrum
710 1282 794 1345 latus
821 1281 949 1347 sinistro
973 1281 1097 1363 longius
1120 1280 1172 1346 sit.
1210 1285 1254 1345 At

91 1383 319 1446 Romanorum
343 1382 495 1448 circorum
523 1383 731 1448 similitudine
759 1383 821 1447 nisi
849 1383 910 1448 hoc
932 1384 1090 1465 feceruut,
1119 1401 1253 1464 quorum

90 1484 228 1563 integra
250 1483 384 1548 latitudo
407 1485 587 1549 carceribus
609 1493 766 1567 occupata
789 1492 866 1550 erat.
905 1483 1012 1550 Certe:
1035 1481 1142 1550 sed'id
1158 1503 1254 1566 quem

91 1585 139 1650 ad
165 1586 265 1652 finem
282 1586 328 1650 ibi
342 1586 544 1669 spectaverit,
567 1586 736 1669 postmodo
753 1587 942 1652 videbimus.
981 1586 1042 1664 Qui
1056 1607 1133 1651 vero
1148 1587 1255 1651 dextri

90 1689 212 1754 lateris
236 1689 389 1753 maiorem
412 1687 642 1769 longitudinem
664 1690 711 1754 ita
729 1689 880 1771 consequi
894 1688 1032 1770 student,
1055 1696 1166 1754 utnon
1182 1708 1253 1772 por-

91 1791 196 1856 ticum
221 1790 396 1871 obliquent,
420 1791 477 1856 sed
501 1791 649 1856 collinum
674 1792 756 1857 lalus
780 1791 810 1858 h.
827 1812 854 1856 e.
877 1792 1040 1857 sinistrum
1063 1811 1104 1857 ex
1127 1791 1253 1856 illorum

93 1893 262 1957 sententia
284 1893 471 1957 contrahant
492 1913 596 1975 neque
618 1894 660 1959 ad
684 1895 841 1977 porticum
860 1893 1044 1976 perducant,
1066 1913 1106 1958 ne
1123 1893 1169 1957 eis
1185 1894 1253 1974 qui-

94 1993 175 2060 dem
198 1993 296 2060 fidem
317 1995 435 2060 babere
457 2014 600 2078 possum,
623 1997 699 2076 quia
721 1996 834 2059 mirum
856 1995 978 2076 fuisset,
1000 1995 1028 2058 si
1050 1995 1096 2059 ibi
1118 2015 1254 2060 vacuum

96 2097 244 2178 spatium
271 2097 405 2179 blasset,
436 2097 490 2161 ubi
520 2097 755 2162 decertantibus
783 2097 848 2160 iam
876 2098 1030 2180 agonistis
1057 2104 1253 2180 spectatores

95 2199 199 2263 valde
224 2197 376 2263 delectari
398 2209 553 2282 poterant.

187 2301 441 2366 Hermannus
464 2302 592 2383 quidem
616 2302 817 2368 Visooutii
840 2302 1086 2385 descriptionem
1108 2321 1166 2383 per
1187 2322 1251 2365 om-

96 2404 154 2468 nia
176 2408 316 2468 sectatus
339 2405 533 2485 argumentis
556 2411 587 2471 et
610 2405 878 2487 explicationibus
897 2403 1023 2469 firmare
1039 2403 1168 2484 studuit,
1190 2404 1253 2467 nisi

100 2506 190 2588 quod
213 2524 329 2570 novam
353 2508 543 2572 senteutiam
566 2508 663 2572 dubio
687 2507 828 2571 maxime
849 2506 1020 2571 obnoxiam
1045 2504 1179 2569 addidit.
1217 2505 1253 2570 Si

97 2609 199 2691 igitur
221 2608 302 2671 illud
325 2608 354 2672 ei
376 2608 616 2674 fundamentum
639 2610 849 2691 subtraxeris,
872 2609 973 2691 ipsius
995 2627 1122 2689 quoque
1145 2607 1252 2690 opinio

99 2712 245 2776 maxima
267 2729 308 2773 ex
330 2719 419 2793 parte
442 2723 566 2776 corruet
588 2733 645 2776 nec
669 2713 838 2794 quicquam
861 2711 950 2776 aliud
972 2710 1115 2791 restabit,
1138 2711 1199 2775 nisi
1220 2718 1254 2774 ut

99 2833 222 2878 novam
244 2812 311 2876 eius
327 2815 515 2878 senteutiam
532 2813 708 2896 impugnes
747 2814 927 2878 Visoontius
941 2813 1128 2892 Perlegetae
1144 2814 1252 2894 verba,

100 2937 184 3000 quae
202 2913 243 2979 de
258 2913 467 2998 amplitudine
483 2916 613 2979 alterius
633 2915 742 2979 lateris
757 2915 843 2996 lacit,
866 2914 960 2978 nimis
976 2933 1091 2994 urgens
1107 2913 1252 2978 dextram

99 3039 233 3084 arenam
257 3016 354 3080 multo
377 3017 502 3096 lougius
525 3017 566 3080 ab
590 3016 739 3081 interiore
761 3026 846 3081 metu
861 3015 988 3080 reduxit
1004 3032 1099 3095 quam
1116 3016 1252 3080 laevam.

100 3120 172 3185 Hoc
196 3136 292 3199 quam
314 3118 457 3201 ineptum
485 3118 541 3196 sit,
573 3125 604 3181 et
631 3137 672 3181 ex
701 3117 747 3183 cis
776 3119 896 3199 elucet,
925 3136 1008 3197 quae
1030 3136 1061 3199 p.
1089 3119 1125 3178 57
1152 3115 1250 3182 disse-

99 3222 239 3302 ruimus,
269 3228 300 3283 et
323 3238 364 3281 ex
387 3219 447 3301 eis,
471 3238 554 3300 quae
578 3218 798 3285 Lehndorllius
821 3240 851 3302 p.
875 3222 915 3279 25
939 3218 1114 3282 rectissime
1143 3226 1253 3284 contra
1286 3297 1291 3306 ,

100 3321 224 3400 dixit.¹)
268 3323 380 3401 ltaque
403 3321 430 3385 si
459 3322 594 3385 alteram
624 3341 753 3385 arenam
782 3320 956 3404 producere
978 3321 1097 3402 voluit,
1125 3321 1252 3386 laevam

99 3424 209 3509 potius
237 3423 412 3507 producere
442 3422 560 3487 debuit.
606 3421 671 3486 Sed
700 3423 751 3486 l'ac
779 3440 846 3485 rem
873 3422 920 3485 ita
949 3431 1033 3486 recte
1061 3442 1096 3487 se
1123 3420 1251 3502 habere,

98 3526 236 3590 alterum
258 3542 384 3605 quoque
408 3521 556 3588 mendum
572 3523 654 3588 inest
669 3543 731 3588 nou
747 3523 850 3587 minus
871 3543 978 3605 grave,
1002 3525 1088 3606 quod
1110 3524 1249 3589 noudum

99 3628 314 3711 vituperatum
337 3638 394 3690 est.
439 3627 607 3690 Remotam
629 3624 719 3689 illam
742 3644 871 3689 arenam
899 3625 1001 3689 solam
1023 3633 1107 3692 retro
1129 3624 1251 3707 porticu

190 3815 214 3875 1)
228 3806 280 3863 ‘Er
298 3811 509 3873 bedcnktnicbt,
528 3809 590 3862 dass
609 3809 679 3860 uach
692 3808 778 3860 seiner
791 3808 990 3872 Constructiou,
1010 3823 1039 3860 er
1057 3822 1117 3873 mag
1134 3806 1182 3860 das
1195 3807 1252 3860 Ziel

99 3895 172 3949 nach
191 3894 251 3947 dem
267 3896 397 3949 vorderen
416 3895 482 3949 oder
500 3894 622 3946 binteren
641 3888 718 3944 Eudo
736 3893 783 3944 der
796 3891 1019 3959 Tbeilungswand
1037 3890 1059 3942 F
1079 3893 1174 3959 (spina)
1193 3908 1252 3946 ver-

99 3981 188 4046 lcgen,
201 3979 249 4032 der
258 3979 465 4047 Scbluselrampl
474 3985 540 4031 stets
552 3977 724 4030 unmittelbar
736 3992 783 4029 vor
795 3977 868 4038 (oder
878 3976 1019 4042 cigentliclr
1029 3976 1251 4042 nothgedrungeu

99 4064 188 4118 sehon
204 4063 243 4128 iu)
261 4063 334 4118 einer
352 4065 477 4117 scharl'eu
490 4063 732 4131 lloppelweudung
743 4061 899 4115 stattliudeu
915 4065 1024 4122 mdeste,
1043 4076 1097 4113 was
1110 4061 1252 4114 tecbmscb

99 4145 279 4201 uudeulrbar?
