3072 5012
288 375 329 436 ue
679 378 714 431 s.
742 377 792 432 uu
811 377 1046 434 cinnameus.
1523 355 1524 362 ‘

288 552 438 618 teriorem
451 557 569 616 meum
584 557 752 635 spectaret.
790 549 991 637 Quapropter
1011 572 1074 618 non
1097 559 1233 635 utraque
1248 551 1355 636 oppidi
1369 553 1439 634 ala,

288 673 368 737 quas
395 653 467 737 pari
495 651 696 735 longitudine
723 653 822 720 fnisse
844 654 1023 721 Pausanias
1043 659 1179 721 testatur
1201 655 1270 732 (11:
1299 650 1441 736 ἑκατέρα

287 753 348 837 μέν
381 751 421 841 δὴ
455 751 583 838 πλευρὰ
610 756 670 840 τῆς
698 746 852 841 ἀφέσεως
886 755 990 820 πλέον
1018 743 1038 840 ἢ
1065 759 1300 838 τετρακοσίους
1327 753 1442 832 πόδας

288 860 471 940 παρέχεται
497 857 557 921 τοῦ
584 853 734 943 μήκους),
763 855 821 924 σεδ
851 859 921 924 sola
945 859 1074 925 sinistra
1095 859 1252 942 porticum
1280 859 1442 942 attingere

287 965 427 1044 poterat:
456 957 590 1024 dextrae
618 957 690 1025 linis
717 961 814 1043 paulo
841 961 1014 1044 proiectior
1041 960 1088 1025 ibi
1109 967 1193 1042 erat,
1222 959 1279 1025 nbi
1301 961 1442 1027 circulus

287 1061 379 1127 radio
401 1060 474 1128 uss
503 1062 622 1127 circum
650 1059 695 1128 uls
725 1061 904 1145 descriptus
932 1059 1081 1126 dextrum
1109 1062 1206 1129 totius
1234 1061 1442 1146 hippodromi

288 1163 465 1245 marginem
486 1169 589 1238 secat,
614 1168 650 1228 ut
670 1163 776 1247 spatia
796 1163 869 1230 uss
892 1170 925 1230 et
945 1163 1026 1230 ΜιΙ)
1047 1163 1130 1230 inter
1151 1183 1186 1230 se
1208 1165 1301 1248 paria
1323 1169 1441 1230 essent
1525 1165 1526 1168 ’

287 1265 413 1330 Ibidem
435 1263 508 1330 finis
530 1271 599 1330 erat
621 1262 727 1330 dextri
749 1263 951 1349 hippodromi
972 1266 1092 1346 lateris,
1115 1265 1201 1348 quod
1216 1266 1354 1349 amplius
1366 1285 1442 1348 per·

288 1363 391 1432 tinere
412 1386 475 1431 non
497 1385 578 1449 opus
593 1371 671 1448 erat,
694 1385 758 1448 qno
773 1365 817 1451 lit,
840 1373 875 1431 ut
889 1385 925 1431 re
940 1385 1019 1432 vera
1040 1367 1191 1434 collinum
1213 1367 1298 1432 latus
1319 1386 1442 1450 aggere

287 1469 418 1534 brevius
440 1469 491 1534 sit.
535 1468 598 1533 Per
620 1469 774 1552 spatium,
797 1465 884 1550 quod
906 1468 989 1534 inter
1011 1468 1161 1534 collinum
1183 1469 1266 1534 latus
1289 1475 1322 1534 et
1342 1469 1442 1552 poru'·

288 1591 361 1638 cum
384 1570 510 1655 hiabat,
540 1569 730 1636 introibatur
757 1571 790 1635 iu
819 1569 988 1654 oppidum,
1016 1571 1126 1653 ibique
1155 1571 1335 1652 complures
1364 1589 1443 1636 arae
1526 1625 1527 1636 r

287 1675 414 1757 positae
436 1680 535 1755 erant,
559 1693 639 1757 quas
661 1671 839 1738 Pausanias
856 1672 880 1736 V
899 1675 985 1754 15,5
1007 1679 1180 1738 enumerat.

373 1776 520 1841 Rostrum
536 1775 709 1842 admodum
724 1775 866 1857 amplum
879 1781 957 1858 erat,
973 1791 1044 1839 cum
1057 1781 1206 1856 quattuor
1220 1775 1285 1840 aris
1301 1776 1443 1857 spatium

288 1878 467 1962 praeberet,
490 1879 663 1961 exquibus
678 1897 751 1958 una,
775 1874 998 1960 Nympharum
1013 1876 1237 1959 Acmenarum,
1260 1878 1293 1940 in
1316 1877 1444 1960 postica

289 1981 358 2046 eius
379 1986 469 2062 parte
493 1987 655 2046 exstructa
676 1979 736 2044 fuit
757 1979 798 2057 (V
816 1981 871 2061 15,
892 1979 928 2042 b:
959 1973 992 2052 ἐς
1023 1973 1059 2040 δὲ
1088 1967 1188 2042 αὐτὸν
1215 1973 1275 2042 τὸν
1298 1975 1443 2060 έμβολον

289 2077 499 2146 ἐσελθόντων
532 2079 637 2168 Τύχης
665 2079 755 2147 ἐστὶν
784 2072 916 2166 ἀγαθῆς
948 2075 1064 2160 βωμός
1091 2079 1148 2144 καὶ
1176 2077 1293 2155 Πανός
1320 2103 1357 2144 τε
1385 2079 1445 2144 καὶ

284 2173 505 2271 Ἀφροδίτης,
528 2179 694 2247 ἐνδοτάτω
716 2180 753 2246 δὲ
774 2183 834 2246 τοῦ
856 2179 999 2264 ἐμβόλου
1022 2182 1192 2267 Νυμφῶν,
1215 2177 1256 2257 ἀς
1273 2174 1445 2269 Ἀκμηνὰς
1527 2179 1528 2200 ’

288 2286 469 2364 καλοῦσιν).
512 2286 595 2352 Alae
622 2304 752 2369 prorae,
782 2305 862 2368 quas
889 2305 952 2351 non
982 2283 1145 2365 derectas,
1175 2284 1232 2349 sed
1261 2292 1445 2352 extrorsum

289 2396 437 2456 curvatas
459 2388 558 2454 fnisse
581 2387 740 2470 existimo,
763 2388 840 2468 quia
860 2386 955 2452 aliter
976 2405 1040 2452 nou
1062 2405 1190 2469 semper
1203 2405 1333 2470 proram
1347 2389 1444 2454 navis

289 2493 357 2568 (102
380 2492 561 2570 παρέχεται
575 2487 635 2571 μέν
650 2472 708 2552 οάν
723 2489 832 2571 σχῆμα
846 2481 866 2574 ἡ
883 2481 1006 2573 ἀφεσις
1019 2484 1103 2552 κατὰ
1119 2487 1290 2572 πρῴραν
1313 2486 1444 2568 νεώς),

289 2591 347 2660 sed
369 2593 561 2675 triangulum
584 2591 690 2674 potius
711 2590 889 2656 Pausanias
911 2610 984 2656 eam
1005 2591 1210 2674 appellasset,
1233 2609 1381 2659 carceres
1400 2591 1445 2658 ad
1528 2621 1529 2677 q

288 2694 491 2778 recipiendas
513 2693 687 2776 quadrigas
709 2693 787 2758 satis
809 2691 933 2775 amplos
956 2691 1118 2758 habebant
1138 2694 1206 2769 (112
1228 2683 1446 2782 ᾠκοδόμηται

290 2795 326 2861 δὲ
348 2793 382 2860 έν
398 2788 514 2870 αὐτοῖς
537 2790 622 2880 [ταῖς
637 2793 798 2876 πλευραῖς
812 2794 871 2877 τῆς
886 2785 1050 2878 ἀφέσεως]
1073 2790 1260 2880 οἰκήματα).
1298 2795 1444 2874 Quorum

289 2919 453 2966 carcerum
480 2899 639 2980 utrimque
668 2903 837 2962 retrorsum
865 2897 908 2960 ab
937 2897 1063 2962 embolo
1089 2916 1170 2963 unus
1192 2915 1318 2980 semper
1339 2898 1444 2965 altero

288 3003 361 3086 plns
376 2999 549 3068 recedebat
569 2999 784 3066 crescentibus
799 3005 928 3081 propter
943 3005 1146 3064 curvaturam
1161 2999 1330 3082 paullatim
1345 3001 1444 3066 inter·

289 3105 398 3189 vallis,
421 3111 457 3170 ut
478 3103 584 3169 exitus
606 3120 768 3169 carcerum
791 3119 891 3184 prope
914 3101 956 3165 ad
978 3102 1136 3184 porticum
1158 3101 1291 3166 sitorum
1313 3102 1445 3184 longius

288 3207 372 3272 inter
401 3226 436 3273 se
464 3204 621 3270 distarent
647 3223 743 3287 qnam
769 3222 869 3286 prope
896 3207 1041 3267 rostrum.
1087 3201 1272 3283 Vergebant
1298 3205 1445 3271 universi

289 3307 332 3372 ad
354 3306 546 3372 exteriorem
567 3311 700 3386 metam,
729 3323 921 3387 quamquam
943 3304 1100 3386 parietum
1123 3304 1279 3371 introrsus
1307 3306 1444 3371 inclina-

289 3408 409 3473 tionem
437 3413 567 3488 propter
594 3405 848 3489 magnitudinem
877 3405 1049 3472 distantiae
1077 3405 1240 3487 (inteer
1265 3407 1358 3484 atu)
1384 3409 1445 3474 vix

288 3506 572 3574 animadverteres.
609 3508 694 3573 Ante
708 3512 877 3588 certamen,
901 3526 996 3590 quam
1017 3509 1153 3592 quisque
1172 3508 1361 3575 certantium
1377 3515 1443 3576 sta·

289 3611 408 3676 tionem
437 3610 565 3675 sortitus
587 3615 672 3692 crat,
701 3609 734 3673 in
757 3627 797 3674 ea
819 3609 1015 3675 consistebat
1042 3612 1110 3688 (112
1139 3611 1244 3674 ταῦτα
1266 3606 1375 3696 κλήρῳ
1398 3607 1443 3675 τὰ

290 3709 455 3796 οἰκήματα
469 3707 744 3795 διαλαγχάνουσιν
760 3707 794 3773 οἱ
809 3707 954 3786 ἐσιόντες
969 3708 1003 3786 ές
1016 3707 1075 3776 τόν
1091 3704 1202 3796 ἀγῶνα
1216 3713 1283 3777 τεόν
1297 3709 1443 3791 ἵππων).

290 3814 408 3879 Prorae
430 3813 492 3877 tria
506 3813 608 3878 latera
622 3813 761 3895 spatium
776 3819 921 3895 apertum
937 3813 1239 3897 complectebantur,
1263 3815 1318 3880 ubi
1332 3814 1443 3882 diver-

290 3935 346 3981 sae
361 3935 438 3981 arae
452 3921 634 3981 exstructae
650 3921 741 3980 eraut
755 3915 794 3988 (V
808 3919 858 3996 15,
875 3919 910 3978 5:
934 3911 967 3978 ἐν
985 3912 1020 3978 δὲ
1035 3916 1102 3978 τῶν
1117 3913 1236 3980 ἵππων
1251 3917 1292 4001 τῇ
1308 3909 1442 4002 ἀφέσει,

291 4012 325 4080 ἐν
346 4016 407 4098 μέν
428 4017 476 4100 τῷ
498 4010 699 4100 ὑπαίθρῳ
721 4016 780 4099 τῆς
803 4007 955 4100 ἀφέσεως
977 4016 1068 4093 κτλ).

375 4116 599 4196 Quaerendum
627 4137 711 4182 nunc
733 4125 796 4201 est,
826 4115 1017 4200 quidnam
1046 4117 1236 4186 (lleoetas
1263 4119 1443 4188 difficili
