3072 5012
292 338 331 398 76
685 339 718 393 Δ.
746 339 797 394 DE
814 339 1050 396 CAROERIBUS.

291 510 386 576 modo
415 511 584 578 stationem
606 511 783 596 clauderet,
812 511 989 579 sedetiam
1017 513 1192 580 secundum
1221 514 1376 598 parietem
1397 516 1437 581 ad

290 613 501 697 posteriorem
523 614 670 681 stationis
684 615 804 681 exitum
820 615 1000 700 pertineret.
1038 615 1087 680 Ibi
1103 615 1199 683 finem
1214 617 1282 684 eius
1297 617 1439 684 minister

289 717 322 780 in
344 714 491 781 manibus
509 717 648 799 tenebat,
672 717 727 798 qui
742 735 813 781 eum
829 716 920 796 signo
935 714 1012 782 dato
1033 717 1228 797 retrahebat,
1251 725 1286 784 ut
1300 721 1439 785 anterior

289 818 393 883 exitus
408 817 583 901 patefieret.
621 818 690 883 Hoc
704 819 829 901 signum
847 839 909 885 non
925 817 1006 885 illud
1022 825 1099 899 erat,
1123 819 1208 904 quod
1224 819 1315 886 initio
1339 829 1436 887 certa-

289 920 383 986 minis
404 922 484 986 tnba
505 919 652 1003 dabatur,
674 918 732 985 sed
754 919 853 1002 alind,
875 919 962 1002 quod
984 919 1136 1003 deinceps
1159 922 1212 986 vel
1234 921 1368 989 auribus
1388 923 1438 989 vel

289 1020 390 1086 oculis
412 1021 565 1088 sensibile
587 1021 778 1106 computatis
799 1021 864 1088 illis
885 1021 1064 1088 intervallis
1078 1021 1252 1088 vectiarius
1267 1017 1437 1108 (started,

289 1117 306 1188 ὁ
330 1127 528 1207 τεταγμένος
551 1120 609 1189 ἐπὶ
632 1125 680 1208 τῷ
703 1120 829 1208 δρόμῳ)
850 1123 1029 1207 repetebat.
1067 1122 1207 1189 Huncin
1222 1124 1331 1190 media
1345 1146 1438 1209 prora

287 1231 424 1290 stantem
448 1233 480 1291 et
501 1225 544 1291 ad
567 1223 768 1308 clepsydram
791 1225 844 1289 vel
866 1225 963 1290 aliam
987 1225 1138 1309 temporis
1161 1247 1307 1292 normam
1331 1227 1437 1294 decre·

287 1327 410 1393 scentia
424 1328 481 1392 illa
496 1327 668 1393 intervalla
682 1325 930 1406 distinguentem
945 1346 1056 1394 omnes
1071 1325 1207 1392 ministri
1221 1327 1315 1394 funes
1332 1341 1434 1396 tenen-

287 1435 336 1494 tes
363 1430 492 1495 attcntis
521 1429 635 1495 animis
664 1428 880 1495 observabant
910 1435 942 1494 ct
970 1430 1064 1514 signa
1091 1429 1317 1513 numerabant,
1350 1433 1434 1497 utin

286 1538 430 1616 tempore
452 1533 560 1597 ionem
581 1531 788 1597 retraherent.
826 1532 932 1597 Primo
954 1531 1051 1614 igitur
1071 1530 1164 1612 signo
1187 1529 1264 1598 dato
1284 1533 1433 1616 postremi

286 1631 350 1699 duo
373 1632 509 1699 ministri
530 1631 667 1716 primum
690 1633 834 1698 ordinem
858 1633 1044 1717 mittebant,
1066 1631 1205 1699 secundo
1227 1634 1367 1716 proximi
1388 1654 1430 1699 se·

286 1732 439 1816 eundum,
468 1735 562 1801 tertio
584 1735 721 1818 proximi
742 1736 785 1801 ab
807 1735 857 1800 his
880 1734 1007 1799 tertium
1030 1733 1129 1801 etita
1157 1734 1308 1818 deinceps
1336 1755 1431 1818 usque

286 1836 328 1900 ad
343 1845 490 1903 rostrum.
528 1835 633 1914 Quare
647 1838 767 1903 lactum
784 1843 842 1920 est,
864 1845 900 1902 ut
917 1837 1009 1902 funes
1031 1837 1201 1902 introrsum
1223 1837 1316 1903 tracti
1332 1857 1431 1920 neque

286 1957 438 2018 equorum
460 1938 596 2022 pedibus
618 1957 722 2021 neque
745 1959 854 2005 currus
876 1938 954 2004 rotis
967 1935 1216 2022 implicarentur,
1239 1937 1326 2020 quod
1341 1939 1429 2005 facile

284 2037 353 2104 lieri
380 2046 514 2124 poterat,
542 2040 570 2106 si
598 2041 686 2106 humi
715 2039 913 2107 cecidissent
962 2039 1052 2104 Haec
1080 2039 1161 2106 ratio
1194 2039 1282 2124 apud
1310 2045 1429 2106 veteres

284 2159 487 2223 nequaquam
515 2141 660 2208 inaudita
689 2148 753 2226 est,
786 2142 845 2208 sed
874 2142 972 2208 babet
1000 2140 1125 2222 aliquid
1152 2141 1257 2207 simile
1284 2143 1429 2225 pausario

284 2243 456 2325 remigibus
479 2245 644 2330 portisenli
666 2244 731 2311 ictu
752 2244 924 2310 intervalla
945 2242 1093 2324 signanti.

369 2346 479 2412 Habes
508 2366 611 2411 meam
641 2345 683 2411 de
711 2345 919 2431 hippaphesis
947 2353 979 2412 et
1004 2343 1202 2411 institutione
1225 2350 1257 2410 et
1278 2343 1343 2412 fine
1363 2365 1429 2412 sen-

283 2449 426 2532 tentiam,
448 2466 543 2529 quam
566 2447 693 2513 duabus
714 2449 916 2532 potissimum
940 2468 982 2514 ex
1004 2446 1109 2513 causis
1124 2447 1238 2512 ceteris
1253 2448 1428 2530 praeferen-

282 2551 357 2615 dam
387 2569 517 2616 eenseo:
552 2548 638 2630 quod
667 2569 740 2616 cum
768 2551 948 2616 Pausaniae
977 2548 1085 2616 verbis
1114 2548 1259 2630 congruit
1287 2557 1320 2616 et
1348 2549 1429 2631 quod

281 2652 368 2717 illius
397 2650 642 2734 descriptionem
669 2651 716 2716 ita
743 2651 969 2737 interpretatur
997 2655 1029 2716 et
1058 2650 1201 2734 supplet,
1231 2656 1265 2716 ut
1291 2652 1428 2735 perfecta

282 2752 502 2820 condicionum
524 2753 687 2834 aequitate
709 2753 857 2820 Oleoetas
879 2775 955 2820 vere
980 2752 1096 2818 artilex
1118 2751 1280 2836 videatur,
1310 2755 1363 2838 qui
1384 2755 1426 2820 in-

280 2863 378 2922 vento
401 2875 457 2921 suo
480 2857 593 2921 merito
614 2854 769 2937 gloriatus
791 2856 846 2922 sit:
875 2854 1122 2939 diligentissima
1143 2861 1252 2920 autem
1273 2855 1425 2922 condicio·

280 2978 356 3024 num
372 2957 605 3042 exaequatione
620 2977 659 3022 eo
675 2960 777 3041 magis
793 2977 872 3041 opus
888 2962 966 3038 erat,
991 2956 1076 3038 quod
1091 2955 1280 3041 Olympioae
1295 2977 1425 3024 coronas

280 3060 401 3126 honore
421 3060 524 3126 maior
545 3059 678 3141 cogitari
700 3080 764 3125 non
786 3065 920 3142 poterat.
944 3095 986 3106 —

365 3162 465 3229 Venio
488 3181 586 3244 nunc,
609 3167 643 3225 ut
664 3160 744 3225 mihi
764 3160 962 3245 propositum
985 3170 1049 3243 est,
1078 3160 1120 3225 ad
1143 3160 1422 3228 refutationem

281 3283 404 3345 eorum,
433 3264 585 3345 quiante
613 3283 664 3328 me
692 3283 760 3328 rem
782 3262 992 3343 agitaverunt.
1037 3262 1190 3348 Reperies
1212 3281 1267 3328 eos
1290 3283 1310 3326 a
1331 3263 1422 3328 Rath·

278 3365 398 3449 gebero
424 3366 457 3430 in
485 3363 608 3430 Erscbii
637 3371 669 3430 et
697 3363 834 3430 Gruberi
862 3364 1035 3431 universali
1064 3365 1226 3430 literarum
1255 3370 1287 3430 et
1314 3364 1420 3430 artium

280 3464 531 3551 encyclopaedia
558 3485 583 3531 s.
607 3486 638 3530 v.
660 3463 812 3550 Olympia
837 3465 927 3548 (sect.
944 3465 999 3530 lll.
1021 3471 1102 3551 part.
1119 3466 1175 3532 llI.
1198 3487 1230 3550 p.
1250 3465 1323 3547 124)
1350 3486 1417 3532 enn-

279 3577 434 3652 meratos,
462 3586 557 3650 quam
581 3567 852 3633 enumerationem
875 3567 1024 3651 repetivit
1045 3569 1075 3634 J.
1091 3568 1131 3632 H.
1149 3567 1302 3633 Kreusius
1323 3567 1418 3651 ineo,

279 3691 373 3755 quem
397 3671 438 3738 de
454 3671 648 3738 Graecorum
670 3669 872 3754 gymnastiea
895 3675 927 3734 et
949 3669 1127 3752 agonistica
1147 3678 1217 3735 arte
1232 3670 1415 3754 conscripsit,

278 3925 421 3980 dubitaret.
458 3923 538 3979 Dion.
551 3923 613 3978 Hal.
626 3924 661 3978 A.
674 3924 707 3977 R.
721 3921 761 3976 Ill
775 3925 818 3976 68:
834 3916 869 3978 ‘H
883 3922 913 3979 δὲ
930 3917 1014 3994 λοιπὴ
1038 3927 1097 3978 τῶν
1114 3916 1279 3978 ἐλαττόνων
1296 3925 1415 3994 πλευρῶν

278 4006 391 4081 αἴθριος
409 4003 541 4081 ἀνειμένη
559 4003 722 4082 ψαλιδωτὰς
734 4006 905 4079 ἱππαφέσεις
916 4003 961 4064 διὰ
978 4011 1059 4076 μιᾶς
1070 3995 1214 4078 ὕσπληγος
1232 3995 1291 4075 aiffa
1309 4001 1415 4073 πάσας

274 4091 475 4168 α’ναιγομένας.
