3072 5012
277 352 318 412 88
676 350 708 405 B.
735 349 786 404 DE
805 347 1025 404 TARAXIPPO.

364 523 518 590 Videmus
540 522 662 589 similes
685 523 853 606 opiniones
882 521 946 588 iam
968 520 1109 587 Homero
1130 539 1195 586 non
1217 518 1316 584 fuisse
1336 517 1449 600 igno·
1523 515 1524 596 j

277 633 337 694 tae.
381 625 466 692 Nam
495 623 583 690 illius
609 625 726 692 acutis
755 624 901 691 homines
927 628 965 689 ut
986 623 1079 706 proni
1105 620 1149 687 ad
1172 639 1298 688 omnem
1320 637 1448 702 super·
1523 673 1524 704 ,

278 727 457 809 stitionem,
480 745 690 810 quonamque
713 746 754 794 ex
776 729 848 810 ipsa
869 743 974 791 rerum
996 729 1110 790 natura
1132 723 1364 806 sequebantur,
1395 718 1448 786 ad

279 827 423 896 divinem
445 827 668 894 anctoritatem
690 828 810 895 referre
831 826 1012 909 studebant,
1039 827 1087 892 sic
1108 826 1205 892 etiam
1228 825 1261 889 in
1283 822 1446 890 certatio-
1523 813 1524 848 r

278 930 389 1014 nibus,
420 948 503 1012 quae
531 929 615 995 forte
643 931 729 996 male
759 931 806 998 eis
833 928 1033 1010 acciderant,
1062 926 1170 994 iniesti
1199 926 1262 992 sibi
1291 923 1445 990 numinis
1523 1015 1524 1020 ἵ

279 1031 485 1115 auctoritate,
514 1049 597 1114 quae
625 1050 778 1116 prospere
807 1035 997 1114 evenerant,
1024 1029 1123 1095 fausti
1148 1028 1286 1094 numinis
1308 1026 1444 1092 auxilio
1523 1021 1524 1098 Ϊ

279 1134 365 1200 facta
386 1152 457 1199 esse
479 1131 662 1198 credebant.
722 1181 724 1188 .

364 1233 401 1298 ln
424 1252 479 1316 eo,
502 1233 590 1317 quod
611 1234 807 1300 Homerus
829 1235 861 1299 in
883 1232 997 1300 Iliadis
1024 1234 1057 1296 Ψ
1077 1231 1264 1316 descripsit,
1291 1228 1442 1313 equestri
1523 1279 1524 1282 η

280 1336 453 1402 certamine
469 1335 620 1402 Diomedi
636 1336 804 1402 Eumelum
819 1339 1093 1418 praeoccupatum
1103 1333 1222 1416 Apollo
1238 1333 1287 1398 illi
1302 1333 1407 1397 iratus
1415 1332 1440 1408 ¹)
1523 1325 1524 1344 ³

280 1435 415 1519 flagrum
437 1455 455 1501 e
478 1457 575 1503 mann
597 1439 728 1522 excutit,
750 1443 786 1503 ut
800 1437 874 1520 equi
889 1437 958 1503 eius
977 1437 1127 1502 lacrimas
1150 1436 1191 1503 ob
1214 1435 1299 1501 hunc
1321 1452 1440 1500 casum

280 1537 442 1605 fundentis
464 1540 593 1605 stimulo
615 1540 709 1605 liberi
731 1539 951 1622 relinquantur
972 1543 1036 1612 (vv.
1053 1538 1222 1614 375-82).
1266 1537 1352 1602 Tum
1375 1535 1438 1600 Μί-
1523 1595 1524 1604 ,

281 1659 382 1706 nerva
403 1638 569 1725 Tydidae,
591 1642 644 1706 cui
665 1641 770 1721 favet,
791 1637 926 1722 flagrum
949 1640 983 1706 in
1004 1660 1118 1707 manus
1138 1639 1247 1706 reddit
1268 1655 1439 1720 equosque

281 1742 351 1808 eius
372 1741 487 1808 robore
509 1742 621 1824 implet
642 1743 706 1818 (vv.
723 1743 879 1808 387-90.
897 1744 982 1825 400),
1003 1742 1130 1808 liumeli
1149 1748 1256 1807 autem
1271 1745 1365 1806 tanta
1387 1741 1439 1804 ira

281 1842 405 1926 flagrat,
428 1850 463 1909 ut
477 1843 587 1926 iugum
603 1845 672 1910 eius
693 1845 830 1928 frangat,
854 1862 917 1927 quo
931 1844 1015 1909 iacto
1034 1845 1111 1927 equi
1132 1843 1322 1924 discurrunt,
1346 1849 1438 1908 temo
1523 1883 1524 1932 p

282 1944 412 2010 humum
440 1945 541 2027 radit,
574 1945 645 2029 ipse
679 1965 756 2012 vero
791 1964 809 2011 e
837 1946 914 2029 biga
943 1965 1074 2012 eversus
1100 1946 1218 2012 misere
1245 1945 1438 2011 vulneratur

283 2050 349 2123 (vv.
367 2048 535 2122 391-97).
569 2047 640 2113 Hoc
655 2054 704 2114 eet
720 2049 935 2131 veterrimum,
958 2054 1110 2132 quantum
1125 2046 1218 2113 nobis
1240 2051 1353 2112 netum
1378 2054 1438 2126 est,

282 2149 466 2230 exemplum
488 2166 642 2231 equorum
664 2150 697 2214 in
720 2151 893 2215 certamine
914 2156 1194 2217 consternatorum.
1234 2147 1344 2213 lltiam
1368 2155 1437 2212 tan·

282 2250 368 2314 tulos
384 2268 486 2332 casus,
510 2251 653 2333 quantuli
667 2249 789 2334 flagelli
804 2253 935 2319 amissio
951 2258 984 2317 et
1004 2251 1204 2335 recuperatio
1227 2255 1309 2331 sunt,
1332 2249 1438 2332 ipsius
1523 2289 1524 2310 r

283 2349 387 2416 divini
401 2351 538 2416 numinis
554 2352 742 2419 intercursui
752 2351 935 2419 adscribere
946 2353 1238 2436 anuqnisrimorum
1254 2358 1438 2435 temporum

282 2453 396 2534 pietati
418 2471 548 2534 prorsus
571 2456 729 2519 convenit.

367 2552 504 2635 Similia,
526 2560 561 2618 ut
582 2553 617 2620 id
639 2556 847 2638 comparandi
870 2577 967 2623 cauea
987 2556 1130 2638 afferam,
1153 2557 1187 2620 in
1208 2557 1281 2621 aliis
1304 2573 1437 2638 quoque
1523 2639 1524 2642 Ἴ

284 2654 428 2722 certandi
443 2655 615 2738 generibus
628 2654 716 2721 fiunt
750 2657 788 2722 In
803 2677 965 2725 cursorum
981 2659 1113 2741 quidem
1128 2659 1302 2723 certamine
1318 2658 1437 2725 eadem

284 2757 429 2822 Minerva
450 2775 485 2823 se
507 2764 638 2840 precato
661 2759 767 2843 Ulixi,
797 2779 893 2844 quem
915 2760 949 2824 in
971 2758 1097 2826 deliciis
1119 2758 1232 2843 habet,
1256 2759 1313 2824 dat
1334 2760 1436 2826 victo·
1523 2779 1524 2830 ῑ

283 2860 365 2925 riam
378 2859 479 2925 Aiace
493 2859 687 2926 labefactato
703 2863 768 2937 (vv.
786 2863 955 2942 tue-83),
979 2866 1011 2924 et
1028 2861 1061 2926 in
1076 2862 1265 2944 sagittarum
1281 2861 1438 2928 missione

284 2963 349 3037 (vv.
366 2961 526 3036 ese—83)
554 2960 672 3044 Apollo
698 2963 873 3029 Merionem
901 2962 1051 3043 adiuvat,
1080 2964 1136 3046 qui
1163 2964 1194 3029 ei
1222 2962 1437 3030 hecatomben

284 3061 460 3129 haedorum
475 3063 566 3128 vovit
582 3067 646 3141 (vv.
659 3066 821 3150 872sqq.),
836 3063 871 3130 id
886 3064 973 3147 quod
988 3063 1193 3131 adversarius
1208 3066 1288 3148 cius,
1300 3066 1437 3148 Teucer,
1523 3123 1524 3126 ,

283 3164 500 3246 praetermisit
514 3169 579 3237 (vv.
597 3167 659 3231 863
671 3169 739 3249 sq).
774 3166 881 3244 Quare
896 3165 1042 3231 videmus
1059 3166 1210 3232 victoriae
1225 3169 1438 3233 certaminum

284 3265 327 3330 ad
349 3265 493 3330 favorem
516 3265 662 3333 divinum
684 3271 738 3336 vel
759 3273 948 3352 perpetuum
970 3268 1023 3333 vel
1046 3267 1079 3331 in
1097 3273 1223 3351 tempus
1244 3275 1320 3335 voto
1343 3289 1437 3352 para·
1523 3265 1524 3302 ³

285 3373 351 3431 tum
372 3367 520 3432 lubenter
541 3369 659 3436 relatas
681 3390 761 3437 esse.
805 3369 964 3452 Exempla
986 3368 1081 3435 modo
1104 3369 1206 3434 allata
1227 3369 1344 3436 docent
1364 3391 1436 3454 per-

285 3467 481 3532 turbationes
504 3486 658 3552 equorum
680 3491 744 3537 non
766 3470 963 3554 separandas
985 3490 1056 3537 esse
1078 3490 1099 3535 a
1124 3477 1320 3553 ceterorum,
1343 3493 1435 3556 prae·

286 3569 395 3635 sertim
418 3588 591 3654 cursorum,
615 3579 647 3638 et
662 3575 789 3639 omnino
804 3592 935 3640 numero
952 3572 1134 3638 divinarum
1149 3572 1183 3636 in
1205 3592 1257 3639 res
1279 3572 1435 3640 humanae

286 3672 548 3738 intercessionum
570 3674 767 3742 inserendas.

371 3771 519 3838 Ceterum
548 3773 627 3842 deos
654 3796 718 3842 non
746 3777 850 3843 solum
880 3776 914 3839 in
934 3775 1029 3841 laetis
1052 3776 1295 3858 certaminibus,
1324 3796 1432 3844 verum

287 3875 385 3940 etiam
413 3875 446 3939 in
476 3877 677 3956 gravioribus
707 3878 822 3960 pugnis
852 3896 1006 3960 equorum
1034 3879 1270 3960 perturbatores
1297 3880 1433 3946 existere

291 4009 494 4018 ——..--.-..

374 4095 397 4157 1)
417 4091 472 4145 cfr.
485 4091 569 4148 schol.
582 4093 617 4148 ad
628 4109 652 4146 v.
666 4095 723 4146 383.
