3076 5020
322 392 363 450 50
707 391 744 446 11.
771 389 822 444 DE
838 389 962 445 LAEVO
980 389 1088 445 GYRO.

407 564 460 633 Ab
482 563 635 632 hocloco
657 584 720 631 non
742 565 884 630 alienum
907 583 979 631 esse
1000 583 1116 632 censeo
1139 565 1235 630 etiam
1257 563 1301 629 ad
1317 564 1468 647 imagines

323 687 477 751 equorum
505 666 646 734 adversa
671 667 776 733 fronte
802 667 959 749 pictomm
988 667 1096 733 oculos
1125 666 1265 732 adicere.
1315 665 1369 748 Id,
1398 667 1469 748 quIa

323 789 423 852 equus
446 769 584 835 afronte
606 769 710 851 pictus
731 769 837 834 minus
859 775 1026 835 venustam
1049 770 1191 853 speciem
1212 768 1358 851 praebet,
1379 769 1468 834 rame

322 873 413 953 sime,
435 872 504 955 sed,
527 871 554 938 si
576 870 747 953 iaciebant,
769 870 817 935 ita
837 887 964 951 semper
985 867 1162 952 iaciebant,
1184 878 1221 936 ut
1241 871 1319 952 equi
1341 891 1398 936 ora
1419 869 1468 934 de

322 973 487 1056 cliaarent,
502 970 681 1056 quadrigae
698 969 797 1038 medii
811 971 990 1053 introrsum,
1006 973 1104 1036 ceteri
1119 979 1307 1038 extrorsum.
1316 975 1337 1047 ¹)
1369 971 1468 1039 Unam

322 1075 474 1158 equidem
494 1075 571 1140 novi
593 1073 872 1157 exceptiunculam
893 1071 981 1154 apud
1004 1070 1101 1138 Gerh.
1125 1073 1169 1140 ib.
1192 1073 1370 1154 cccxxl,
1390 1093 1469 1156 quae

323 1196 419 1260 quam
441 1177 570 1242 illorum
592 1181 768 1259 temporum
790 1175 893 1258 pictor
915 1181 1012 1258 caput
1033 1175 1185 1257 equinum
1205 1176 1346 1242 aironte
1364 1175 1468 1258 depin·

322 1298 398 1361 gere
421 1298 485 1344 non
510 1275 606 1344 fuerit
633 1277 841 1358 exercitatus,
870 1275 995 1341 affatim
1023 1275 1172 1342 ostendit.
1216 1277 1350 1343 Falsum
1377 1278 1469 1362 igitur

323 1382 432 1464 imago
453 1400 475 1444 a
488 1378 657 1445 Gerbardo
679 1378 722 1444 ib.
737 1377 831 1443 LXII
852 1376 999 1443 exhibita
1019 1377 1275 1461 supplementum
1296 1398 1395 1462 paese
1416 1384 1468 1458 est,

323 1482 410 1567 quod
433 1480 533 1548 medii
555 1480 733 1564 quadrigae
756 1480 832 1563 eqni
853 1486 941 1546 recta
962 1480 1066 1545 fronte
1086 1481 1293 1563 prospicIunt
1316 1516 1360 1528 -

409 1585 479 1650 Hoc
501 1585 571 1649 loco
593 1583 745 1665 qnoniam
768 1581 811 1647 ad
833 1581 991 1664 quasdam
1013 1582 1132 1648 veteris
1160 1583 1304 1665 picturae
1333 1583 1468 1666 proprie

323 1693 406 1752 tatas
428 1687 519 1769 veni,
548 1685 625 1766 quin
647 1705 668 1749 a
696 1682 958 1766 quadrupedibus
986 1681 1030 1748 ad
1058 1681 1203 1749 homines
1230 1684 1396 1768 paulisper
1423 1701 1469 1746 me

323 1793 526 1868 convertam,
554 1785 662 1851 facere
683 1805 746 1852 non
774 1804 919 1868 possum,
949 1785 1027 1867 qnia
1054 1784 1280 1853 stadiodromIs
1308 1787 1404 1870 pictis
1432 1784 1468 1850 ab

323 1889 498 1956 artificibus
527 1887 724 1953 simillimum
752 1886 910 1953 accidisse
939 1885 1044 1950 video.
1093 1885 1151 1953 Est
1179 1888 1264 1953 enim
1294 1886 1469 1954 hominibus

323 1990 358 2056 id
387 1997 474 2057 certe
503 2008 576 2054 curn
605 1987 868 2071 quadrupedibus
896 2007 1080 2070 commune,
1114 1993 1148 2054 ut
1180 1990 1327 2057 membra
1360 1989 1468 2056 eodem

323 2100 420 2175 utque
449 2091 508 2156 illa
535 2090 648 2156 ordine
674 2095 841 2172 moveant,
870 2090 932 2156 nisi
954 2089 1042 2173 quod
1069 2110 1182 2156 manus
1210 2111 1274 2156 non
1302 2092 1469 2157 interram

323 2201 490 2278 reponunt.
534 2192 604 2259 Hoc
631 2211 709 2258 vero
738 2192 766 2258 si
795 2193 893 2257 etiam
921 2191 1065 2274 additur,
1097 2191 1341 2275 quadrupedum
1370 2199 1469 2258 noster

324 2298 468 2364 incessus
496 2293 678 2362 simillimus
706 2301 765 2361 est.
815 2293 860 2360 Ut
887 2295 986 2376 igItur
1013 2293 1197 2376 quadrupes
1224 2295 1344 2361 tolutili
1372 2293 1469 2379 gradu

324 2398 477 2464 incedens
499 2397 600 2479 pedes
623 2395 816 2462 decussatim
831 2401 1006 2478 promovet,
1028 2397 1148 2462 sicnoe
1163 2414 1291 2479 quoque
1314 2402 1469 2463 comentes

324 2520 418 2566 crura
439 2506 472 2566 et
493 2496 643 2579 brachia,
667 2496 748 2563 baec
770 2496 902 2578 quidem
924 2516 982 2579 per
1004 2514 1128 2579 aerem,
1151 2496 1347 2564 decussatim
1369 2517 1469 2566 move-

324 2621 408 2666 mus:
431 2620 495 2666 una
510 2619 582 2664 cum
597 2597 711 2663 dextro
725 2597 810 2680 pedo
825 2599 988 2664 sinistrum
1009 2597 1176 2663 brachium
1197 2600 1381 2683 proicimus,
1404 2619 1469 2667 cum

324 2704 419 2769 laevo
448 2702 604 2768 dextrum.
648 2699 700 2765 Ab
723 2697 784 2764 boc
812 2700 924 2766 ordine
952 2700 980 2765 si
1010 2701 1057 2764 ita
1078 2699 1244 2784 diseedas,
1274 2708 1309 2767 ut
1330 2702 1469 2769 eiusdem

324 2805 436 2871 luteris
462 2809 631 2885 utrumque
659 2801 836 2868 membrum
863 2801 960 2868 simul
987 2801 1141 2886 proicias,
1171 2804 1246 2870 talis
1273 2804 1417 2872 incessus
1442 2801 1470 2867 ei

325 2906 439 2972 similis
455 2907 506 2985 eit,
522 2924 618 2988 quem
633 2904 667 2968 in
682 2903 944 2986 quadrupedibus
956 2893 1064 2970 ‘Pass'
1083 2923 1245 2971 vocamus.
1282 2905 1353 2972 Hoc
1367 2913 1469 2973 autem

324 3017 360 3075 nt
382 3007 607 3091 quadrupedes
630 3007 775 3088 exceptis
797 3006 928 3071 camelis
950 3023 1153 3089 nequaquam
1176 3006 1299 3090 indole,
1322 3008 1381 3075 sed
1403 3026 1468 3074 oon·

325 3110 482 3176 doceIacti
504 3109 599 3175 modo
620 3108 858 3192 ingrediuntur,
887 3108 933 3172 ita
953 3125 1011 3173 nos
1035 3126 1161 3190 quoque
1182 3127 1247 3174 non
1268 3109 1338 3174 siue
1359 3126 1470 3192 magna

326 3213 422 3278 totius
444 3213 585 3294 corporIs
607 3211 779 3277 iactatione
801 3229 840 3275 ac
863 3209 1061 3276 contortione
1083 3209 1229 3275 membra
1250 3208 1334 3277 hunc
1355 3211 1389 3276 in
1410 3229 1468 3277 mo·

325 3312 403 3377 dum
423 3331 597 3379 movemus.
634 3312 703 3378 Nec
718 3317 795 3394 puto
810 3329 1013 3394 quemquam,
1036 3311 1126 3377 cuius
1141 3312 1307 3378 commode
1322 3314 1470 3379 velociter

326 3433 453 3480 currere
475 3414 616 3494 interest,
639 3414 784 3478 membra
805 3413 851 3477 ita
874 3411 988 3495 eicere,
1011 3413 1072 3479 nisi
1092 3414 1173 3479 sorte
1188 3413 1316 3480 insanit.
1354 3410 1469 3492 Quodsi

326 3513 538 3581 stadiodromi
559 3534 678 3596 magna
699 3534 741 3579 ex
766 3520 858 3597 parte
881 3533 919 3579 eo
941 3513 1036 3582 modo
1065 3521 1228 3580 currentes
1255 3515 1334 3598 picti
1361 3513 1468 3593 sunt²)‚

414 3716 439 3777 1)
457 3711 539 3768 Gerb.
559 3711 727 3777 CCXLVIII,
746 3715 761 3766 3
779 3727 870 3780 eques.
890 3712 959 3768 CVI.
986 3712 1086 3781 Ingbir.
1106 3713 1223 3770 ccxlv.
1248 3713 1317 3769 Len.
1337 3717 1364 3768 at
1381 3714 1414 3768 de
1431 3708 1466 3762 W.

326 3797 377 3854 vol.
396 3797 432 3852 11.
451 3799 506 3853 tab.
521 3797 607 3852 CXIV
626 3812 709 3866 equos
728 3797 872 3866 quadrigae
889 3797 957 3852 fecit
972 3799 1063 3866 pictor
1074 3798 1244 3864 dissilientes,
1262 3797 1336 3867 quod
1353 3813 1370 3853 a
1386 3799 1467 3853 fronte

327 3897 373 3937 eos
386 3883 497 3952 pingere
508 3883 742 3952 perhorrescebat.
756 3882 837 3937 CXV.
852 3881 959 3938 CXVII.
978 3883 1050 3937 Mus.
1065 3883 1144 3952 Greg.
1157 3884 1208 3940 vol.
1221 3883 1257 3937 11.
1271 3883 1327 3938 tab.
1339 3883 1412 3951 XVI,
1425 3879 1466 3934 ib.

326 3967 385 4022 Μ’
404 3966 691 4119 {ididam
710 4050 857 4104 eamr,
875 4049 992 4106 oonrx.
1011 4049 1141 4120 ooavn,
1160 4058 1185 4108 ι.
1205 4051 1321 4108 coam.
1356 4053 1428 4107 noa.
1444 4047 1466 4100 a.

326 4135 394 4191 Inst.
413 4136 465 4191 vol.
484 4135 506 4191 I.
523 4135 580 4190 tub.
597 4133 687 4188 XXII.
715 4136 768 4191 vol.
785 4136 835 4189 111.
854 4135 910 4190 tab.
929 4135 1000 4192 VIb.
1031 4137 1083 4191 vol.
1102 4137 1136 4191 X.
1154 4136 1211 4192 tab.
1229 4137 1347 4192 XLVIII
1363 4138 1383 4192 f.
1401 4148 1466 4191 am.
