3072 5012
474 408 506 462 Β.
534 407 585 460 DE
605 407 823 461 TARAXIPPO.
1185 409 1223 468 97

69 577 224 661 Ansicht,
248 577 324 646 dass
346 579 549 663 Taraxippos
571 582 620 647 als
642 580 797 646 Beiname
823 581 881 646 des
904 581 1064 646 Poseidon
1087 582 1225 665 Hippios

70 701 117 744 zu
137 679 323 746 betrechten
345 682 402 764 sei,
426 701 494 748 was
516 702 569 746 um
584 702 620 748 so
642 689 788 764 grdssere
808 681 1155 748 Wahrseheinliehkeit
1178 705 1226 749 er-

71 781 158 864 nult,
181 801 277 846 wenn
297 801 372 846 man
395 789 533 866 erwtgt‚
556 783 631 849 dass
654 783 706 848 bei
729 782 792 848 den
815 781 976 850 Griechen
998 785 1064 849 und
1086 786 1225 852 Romam

71 881 238 949 Poseidon
265 883 446 968 uberhaupt
475 887 547 950 eine
575 884 727 967 wichtige
754 884 848 949 Rolle
876 886 936 950 aut
961 886 1019 951 der
1046 886 1225 952 Rennbahn

73 985 189 1066 spielte
211 984 278 1049 und
299 984 375 1051 dass
398 985 480 1051 anoh
504 987 548 1050 im
568 985 748 1052 romischen
764 985 874 1052 Circus
898 987 951 1053 die
965 987 1128 1054 Ziels'eule
1151 988 1225 1054 dem

72 1085 243 1168 Neptunus
266 1092 415 1170 equester
435 1087 609 1170 gewidmet
631 1078 753 1163 war’.¹l
787 1088 911 1154 Neutra
933 1090 1225 1171 causaquicquam

74 1189 177 1252 valet:
206 1207 267 1254 nec
287 1189 390 1272 prior,
413 1191 490 1272 quia
508 1190 677 1272 Neptunus
697 1190 731 1253 in
753 1190 846 1255 circis
868 1210 932 1256 non
954 1190 1028 1256 ideo
1051 1191 1225 1276 colebatur,

73 1289 161 1371 quod
174 1308 274 1372 equos
286 1297 428 1374 terreret,
441 1291 498 1356 sed
511 1291 596 1373 quod
610 1311 709 1372 equos
725 1311 899 1373 eorumque
911 1293 1053 1358 fautores
1064 1293 1225 1377 tuebatur3

74 1411 134 1457 nec
148 1392 261 1476 altera,
278 1393 354 1475 quia
373 1391 595 1475 Olympiaeum
614 1393 835 1477 Taraxippum
853 1413 917 1458 nou
935 1395 968 1458 in
984 1401 1070 1459 meta
1087 1396 1225 1477 positum

73 1495 172 1560 fuisse
188 1496 268 1560 satis
283 1493 364 1558 mihi
378 1493 491 1560 videor
506 1493 752 1561 demonstrasse.
786 1495 831 1562 Ut
845 1495 962 1561 Graeci
977 1496 1112 1563 alteram
1127 1506 1225 1564 meta·

74 1616 144 1660 rum
160 1595 410 1679 Hippodamiae,
430 1596 563 1662 circensi
579 1595 715 1679 heroldi,
732 1596 894 1662 Pausania
915 1603 996 1662 teste
1012 1606 1225 1682 sacraverant,

73 1698 122 1762 ita
135 1699 271 1764 Romani
294 1717 351 1763 suo
374 1697 508 1763 circensi
523 1698 644 1762 numini
666 1717 791 1764 sacram
813 1699 947 1764 alteram
971 1719 1042 1765 esse
1065 1702 1226 1785 volebant,

74 1799 235 1883 Neptuno,
259 1801 395 1865 fortasse
417 1818 456 1864 co
479 1800 628 1882 consilio,
652 1806 686 1864 ut
707 1801 884 1882 periculum
909 1808 1028 1866 metam
1049 1803 1226 1868 ambeunti-

74 1901 135 1968 bus
149 1903 316 1968 minueret.
354 1899 462 1979 Quare
477 1901 558 1966 nihil
580 1900 671 1966 aliud
685 1902 742 1966 illa
765 1903 1003 1984 comparatione
1026 1904 1131 1970 evinci
1146 1903 1226 1969 mihi

75 2003 204 2069 videtur
226 2004 290 2069 nisi
305 2003 499 2068 Pausaniam
523 2023 650 2086 quoque
672 2023 711 2068 ea
724 2003 767 2068 ad
782 2003 898 2068 salsam
921 2022 1013 2068 suam
1036 2007 1225 2071 sententiam

74 2127 96 2170 a
120 2107 254 2172 veritate
277 2104 394 2170 deduci
415 2105 566 2187 potuisse.

160 2206 302 2272 Proinde
318 2205 466 2272 videmus
482 2207 674 2271 Pausaniam
698 2205 779 2270 forte
794 2204 921 2270 fortuna
936 2207 1115 2290 Taraxippi
1136 2209 1225 2274 sabu-

75 2311 125 2375 las
145 2308 261 2376 eodem
284 2309 395 2375 ordine
418 2308 609 2389 reddidisse,
632 2327 695 2389 quo
717 2313 859 2389 tempore
881 2307 1107 2389 progrediente
1129 2311 1227 2393 pede·

76 2413 221 2494 temptim
251 2418 336 2477 ortas
364 2430 419 2476 eas
449 2430 520 2477 esse
549 2409 747 2475 simillimum
776 2415 825 2474 est
853 2409 931 2473 veri.
976 2407 1072 2474 Forte
1101 2410 1227 2476 fortuna

8 2531 10 2562 l
77 2513 165 2579 dico:
191 2533 266 2578 nam
289 2513 318 2577 si
341 2532 397 2578 eas
419 2510 480 2578 hac
501 2512 626 2576 ratione
648 2530 835 2576 enumerare
857 2511 1042 2598 voluisset,
1058 2531 1121 2577 non
1145 2532 1226 2597 earn,

76 2636 172 2698 quam
187 2615 443 2696 antiquissimam
458 2634 497 2679 ao
511 2614 722 2697 principalem
742 2612 889 2695 ducebat,
912 2611 1086 2679 novissime
1101 2616 1226 2696 posuis-

77 2724 125 2783 set
145 2719 177 2794 (ξ
194 2718 233 2780 18
250 2723 401 2782 exeunte:
424 2709 441 2778 δ
466 2713 501 2778 δὲ
524 2712 774 2793 πιθανώτατος,
799 2710 873 2794 ἐμοὶ
897 2711 1014 2793 δοκεῖν,
1037 2717 1104 2779 τῶν
1120 2713 1226 2798 λόγων

8 2827 10 2868 t
76 2816 290 2892 Ποσειδῶνος
312 2814 485 2903 ἐπίκλησιν
508 2811 594 2881 εἶναι
616 2818 676 2880 τοῦ
694 2811 828 2880 Ἱππίου
852 2819 977 2901 φησίν).

160 2922 267 3002 Atque
295 2925 330 2984 ut
356 2919 498 3003 lepidum
526 2926 654 2986 nostrae
681 2918 723 2984 de
746 2917 937 3001 Olympiaco
960 2918 1146 3001 Taraxippo
1171 2939 1225 2984 ex·

76 3022 242 3106 plicationi
270 3019 365 3086 finem
392 3022 609 3103 imponamus,
638 3039 734 3084 unam
764 3019 903 3100 denique
933 3021 1001 3085 eius
1030 3021 1225 3085 mentionem

76 3125 165 3190 lubet
186 3123 315 3189 adicere
336 3121 561 3188 mathematico
577 3123 777 3205 problemate
798 3121 963 3185 inclusam.
996 3120 1138 3196 (Anthol.
1155 3121 1224 3187 Pal.

76 3226 154 3292 XIV
169 3230 217 3302 4),
247 3224 333 3307 quod
361 3225 412 3291 eui
442 3226 578 3307 tempori
608 3222 810 3289 tribuendum
838 3221 896 3302 sit,
927 3221 983 3285 vix
1011 3224 1113 3304 possit
1138 3233 1225 3290 certo

76 3328 251 3395 enucleari:

203 3419 353 3513 Αὐγείην
375 3423 495 3510 ἐρέεινε
516 3428 600 3510 μέγα
623 3428 746 3500 σθένος
763 3415 947 3502 Ἀλκείδαο,

205 3525 341 3616 πληθὺν
362 3527 545 3611 βουκολίιον
569 3525 756 3614 διζήμενος·
781 3523 818 3602 dg
841 3518 872 3589 δ’
899 3517 1114 3607 άπάμειπτο·

205 3623 332 3716 ,lepos
354 3628 413 3712 μὲν
432 3621 606 3715 Ἀλφειοῖο
630 3627 719 3716 ῥοάς,
744 3629 851 3715 φίλος,
873 3617 975 3712 ἥμισυ
997 3626 1117 3692 τοῖνδε·

204 3736 303 3817 μοίρη
329 3723 360 3795 δ’
387 3722 529 3818 ὀγδοάτη
553 3726 658 3812 δχδον
681 3730 811 3816 Κρόνου
835 3721 1096 3814 ἀμφινέμονται·

205 3826 371 3920 δωδεκάτη
396 3827 428 3898 δ’
455 3825 630 3897 ἀπάνευθε
656 3828 893 3917 Ταραξίπποιο
917 3822 1000 3912 παρ’
1028 3827 1116 3911 ἱρόν·

205 3927 295 4020 άμφί
318 3928 351 3999 δ’
379 3929 434 4019 άρ)
454 3931 579 4001 Ἤλιδα
603 3935 677 4001 δῑαν
701 3929 847 4018 ἐεικοστη
873 3935 1089 4014 νεμέδονιαι·

163 4075 187 4136 1)
200 4069 274 4123 Haec
285 4068 321 4122 ad
332 4069 441 4122 verbum
455 4084 488 4122 ex
499 4069 584 4137 Pauly
596 4067 803 4136 encyclopaedia
816 4065 938 4134 antiquit.
953 4081 975 4119 s.
987 4081 1012 4118 v.
1025 4064 1225 4133 Hippodromus

77 4155 209 4227 prompsit
226 4160 337 4208 auctore
355 4169 409 4206 non
427 4155 570 4208 nominato.

127 4248 248 4289 Pollaok.
1006 4239 1019 4286 'l
