3072 5012
610 1258 746 1331 VITA.

187 1459 331 1542 Geising,
347 1459 534 1541 oppidulum
550 1462 582 1526 in
599 1463 780 1528 stauniferis
796 1463 958 1532 SaxonIae
975 1471 1133 1538 montibus
1149 1493 1257 1539 recon-

108 1561 226 1644 ditum,
259 1581 309 1626 me
332 1561 509 1627 Heinonom
532 1562 703 1629 Ricardum
726 1565 940 1632 Ervinum
963 1569 1163 1638 Pollaok
1186 1577 1259 1640 tulit

107 1683 136 1728 a.
154 1662 184 1728 d.
202 1664 238 1728 V.
255 1662 301 1727 Id.
316 1663 398 1729 Nov.
415 1665 489 1728 anni
506 1663 535 1730 h.
553 1685 577 1731 s.
593 1665 709 1730 LXIII.
732 1674 822 1749 patre
845 1677 954 1735 natum
978 1673 1126 1758 Ernesto,
1156 1688 1257 1743 matre

107 1765 248 1830 Aemilia
270 1765 312 1830 de
334 1772 429 1848 geute
449 1768 684 1833 Muellerorum.
728 1769 808 1835 Inde
837 1772 891 1836 ubi
913 1772 989 1839 fidei
1016 1775 1164 1843 addictus
1187 1800 1257 1844 sum

107 1865 250 1951 Lutberi,
273 1887 344 1933 eum
366 1869 506 1934 nondum
522 1870 558 1934 V.
583 1890 698 1935 annum
719 1891 858 1955 agerem,
881 1876 1133 1956 paterfamilias
1156 1880 1257 1947 domi·

109 1970 217 2035 ollium
234 1970 545 2052 Dippoldiswaldam
562 1973 730 2055 transtulit,
753 1974 808 2039 ubi
823 1995 907 2042 nuno
924 1997 1050 2060 quoque
1066 1983 1258 2049 medicinam

109 2078 246 2137 exercet.
291 2072 329 2136 lu
351 2072 444 2138 huius
467 2093 571 2140 norae
598 2076 722 2156 patrlae
750 2076 826 2142 ludo
856 2078 956 2144 literis
987 2080 1203 2151 elementariis
1226 2094 1259 2152 et

107 2173 230 2239 ealoulo
258 2194 359 2255 usque
388 2173 430 2239 ad
454 2175 511 2240 XI.
534 2196 651 2240 aunum
680 2178 818 2243 imbutus
842 2179 986 2246 Dresdae
1013 2186 1122 2250 matris
1144 2206 1256 2269 paren·

107 2276 187 2340 tium
218 2276 337 2341 tutelae
371 2276 506 2342 traditus
539 2298 608 2343 sum
643 2278 842 2361 Gellueokii,
879 2285 1096 2366 praeseptorIs
1129 2289 1256 2369 privati,

107 2383 251 2450 scholam
274 2403 331 2467 per
353 2382 386 2446 ll
406 2401 516 2462 anuos,
540 2379 657 2446 deinde
679 2401 738 2463 per
759 2401 876 2446 annum
894 2383 1104 2466 Gymnasium
1120 2388 1257 2470 Regium

107 2493 230 2553 rectore
252 2486 379 2568 Ilbergo
410 2489 582 2565 quartanus
610 2484 876 2566 frequentaturus.
921 2486 999 2552 Post
1027 2494 1074 2553 tot
1102 2490 1257 2572 ambages

107 2597 260 2672 tanquam
283 2589 462 2670 importum
486 2587 570 2668 veui,
594 2607 664 2651 oum
681 2606 764 2651 auno
788 2585 817 2650 h.
835 2607 859 2652 s.
875 2587 1055 2654 LXXVIII.
1079 2590 1111 2654 in
1135 2593 1257 2658 illustre

78 2752 82 2760 .
107 2691 193 2773 apud
224 2691 367 2756 Grimam
396 2689 581 2755 lloldauum
609 2689 782 2770 reciperer,
814 2689 903 2756 ouius
931 2709 988 2771 per
1011 2691 1055 2756 VI
1080 2713 1195 2777 annos,
1224 2702 1259 2761 ut

108 2794 225 2875 solent,
252 2799 373 2859 rectore
395 2791 669 2876 praestantissimo
693 2790 831 2854 Aemilio
853 2791 1008 2858 Muellero
1031 2794 1076 2858 ful
1099 2795 1255 2861 alumnus.

108 2895 242 2977 Semper
265 2895 338 2977 tibi,
361 2894 457 2958 Alma
479 2893 596 2973 Mater,
619 2892 706 2973 piam
731 2898 919 2975 gratamque
942 2896 1078 2960 servabo
1101 2897 1257 2962 animaml

108 2997 300 3061 Maturitatis
333 2995 549 3062 testimonium
580 2992 729 3077 praeside
763 2991 879 3059 Ottoue
908 2995 1087 3061 Ribbeukio
1120 2996 1257 3081 adeptus

108 3099 250 3181 Lipsiam
272 3117 324 3164 me
347 3098 476 3163 contuli.
510 3096 571 3161 Hio
586 3101 754 3178 postquam
774 3096 867 3161 unius
882 3098 957 3161 anni
972 3097 1134 3179 stipendia
1155 3101 1258 3165 merui

108 3201 271 3284 superiore
294 3199 405 3265 ordine
422 3198 580 3282 diguatus,
604 3203 703 3262 totum
719 3217 770 3262 me
786 3196 983 3280 philologiae
1003 3199 1089 3264 dedi.
1123 3199 1257 3268 Soholas

108 3302 175 3366 adii
197 3303 337 3368 virorum
360 3302 645 3366 illustrissimorum
667 3300 707 3365 de
731 3297 888 3380 Bahdori,
919 3299 1035 3382 Curtii,
1063 3301 1256 3385 Drobisohii‚

108 3402 246 3484 Friokii,
270 3400 521 3483 Gardthauseni,
552 3401 694 3485 Halmii,
717 3402 861 3486 Llpsius,
891 3401 1079 3486 Ribbeokii,
1103 3402 1256 3482 Riohteri,

109 3503 237 3586 ltohdii,
261 3503 454 3586 Subreiberi,
476 3504 608 3586 Voigtii,
624 3501 867 3587 Waohsmuthii,
884 3503 1085 3586 WIndisohii,
1103 3504 1255 3587 Wundtii,

109 3605 143 3668 F.
167 3605 327 3671 Zarnukii.

194 3707 419 3773 Proseminarii
452 3727 509 3789 per
531 3708 592 3772 lria
621 3707 787 3772 semestria
816 3707 924 3772 exstiti
947 3706 1068 3784 sodalis
1091 3707 1255 3773 moderan-

109 3808 192 3874 tibus
216 3809 344 3891 Crusio,
367 3808 625 3892 Waohsmuthio,
648 3806 791 3890 ltohdio,
814 3808 957 3890 Lipsius,
981 3808 1176 3891 Hausseuio,
1205 3813 1255 3876 oui

109 3910 258 3992 senioris,
285 3918 320 3975 ut
342 3912 444 3993 aiunt,
475 3929 605 3975 munere
627 3911 751 3975 functus
774 3930 860 3990 sum,
889 3909 1062 3974 Seminarii
1083 3910 1177 3992 Regii
1199 3932 1257 3994 per

109 4009 240 4076 totidem
268 4013 435 4078 semestria
461 4011 605 4094 Lipsius,
634 4011 831 4093 Ribbeokio,
854 4009 1096 4077 Waehsmutbio
1124 4012 1256 4077 alternis

7 4177 8 4190 ,
108 4113 318 4194 praesidibus.
