3072 5012
508 349 542 404 A.
568 347 618 400 DE
636 347 870 402 GARCERIBUS.
1227 351 1266 409 71

93 519 290 586 verisimile
314 519 447 600 videtur,
475 519 554 585 haec
576 521 767 603 perscrutari
790 526 821 585 et
844 521 1026 601 excogitare
1049 521 1197 604 permitto
1220 519 1266 585 in-

94 623 211 702 genio
234 622 406 688 fabrorum.
440 621 554 688 Vestes
570 621 717 685 videntur
738 622 873 687 adhibiti
888 621 996 704 fuisse,
1019 621 1177 704 siquidem
1200 620 1266 688 del-

93 725 233 808 phinus
255 724 288 788 in
310 743 424 806 scapo,
449 724 503 805 qui
525 723 625 788 vectis
647 730 711 807 est,
733 724 860 789 iacebat
882 724 1013 805 eiusque
1036 722 1140 808 capite
1163 724 1267 789 suble-

95 831 189 891 vato
215 825 305 890 lrumi
327 824 473 892 cadebat.
517 825 587 892 Hoc
608 823 713 908 potius
735 825 952 906 quaerendum
979 832 1044 907 est,
1072 845 1128 890 our
1156 827 1268 891 horum

95 928 318 1010 potissimum
340 925 524 992 animalium
547 926 740 1006 simulacris,
763 948 824 993 non
847 927 981 992 aliorum
1003 927 1046 991 ad
1068 927 1152 993 hunc
1173 925 1267 993 finem

97 1029 266 1096 Cleoctas
293 1048 369 1094 usus
398 1029 448 1094 sit.
501 1026 570 1092 Hoc
597 1047 660 1092 non
686 1033 821 1111 temere,
850 1027 907 1093 sed
934 1028 1084 1111 religiose
1113 1029 1203 1109 fecit,
1233 1028 1268 1093 id

99 1129 204 1214 quod
231 1131 303 1214 ipsa
330 1150 388 1194 ara
414 1128 581 1194 indicatur.
626 1130 709 1193 Nam
737 1151 809 1195 cum
838 1130 905 1195 ludi
935 1127 1093 1214 Olympici
1116 1130 1185 1196 Iovi
1213 1129 1269 1196 de·

100 1233 215 1298 dicati
239 1237 360 1315 essent,
383 1237 459 1314 apte
480 1229 592 1312 fiebat,
617 1230 703 1311 quod
725 1232 843 1313 aquila,
870 1233 956 1298 lovis
979 1233 1057 1313 ales,
1079 1232 1184 1314 passis
1207 1232 1267 1296 alis

99 1332 138 1398 in
167 1353 279 1398 aerem
308 1333 496 1398 sublevatus
525 1331 663 1397 numinis
684 1334 756 1399 loco
779 1335 903 1415 signum
918 1332 1178 1417 incipiendorum
1201 1353 1265 1398 cer·

101 1436 273 1501 taminum
295 1431 395 1499 dabat
417 1441 449 1498 et
472 1435 666 1500 certantibus
681 1441 834 1518 tanquam
849 1435 919 1519 ipse
934 1434 1014 1501 deus
1036 1434 1157 1500 aderat.
1193 1434 1266 1499 Del-

101 1537 233 1621 phinus
256 1540 363 1601 autem
386 1535 545 1620 Neptuno,
568 1536 688 1601 numini
711 1555 873 1619 equorum,
889 1556 979 1601 sacer
1001 1543 1078 1617 erat,
1102 1536 1156 1618 qui
1178 1557 1267 1601 aram

103 1637 177 1702 sibi
206 1637 390 1704 dedicatam
418 1637 450 1702 in
473 1655 569 1719 prora
589 1635 771 1721 habebat.¹)
816 1638 895 1703 (ium
917 1659 994 1704 vero
1022 1638 1149 1720 aquilae
1171 1639 1213 1703 sit
1234 1639 1267 1702 in

104 1759 224 1806 aerem
248 1738 428 1820 escendere,
452 1737 596 1821 delphini
616 1739 650 1802 in
673 1760 761 1805 mare
780 1739 932 1821 demergi,
956 1740 1008 1805 hic
1023 1741 1064 1806 de
1086 1739 1212 1806 embolo
1234 1739 1267 1805 in

107 1862 249 1908 arenam
265 1839 384 1906 decidit
403 1839 495 1922 quasi
511 1838 613 1904 undas
628 1842 794 1924 petiturus.
834 1842 1004 1907 Praeterea
1019 1849 1155 1906 rostrum
1177 1844 1267 1908 naris

107 1943 271 2028 delphino
294 1961 406 2008 ornare
434 1946 559 2005 veteres
587 1941 748 2006 solebant:
777 1947 852 2026 apte
879 1942 975 2025 igitur
1004 1941 1055 2006 hic
1085 1963 1212 2026 quoque
1234 1945 1267 2009 in
1363 2024 1366 2030 ,

105 2051 218 2110 rostro
247 2063 362 2127 prorae
390 2041 526 2106 iacebat.
577 2042 647 2106 Nec
673 2063 750 2109 vero
779 2044 859 2109 haec
889 2042 951 2108 duo
981 2043 1073 2126 signa
1101 2047 1268 2112 suffecisse

109 2147 275 2212 existimo.
321 2147 404 2208 Nam
433 2142 558 2208 etiamsi
587 2144 729 2224 aquilam
757 2145 789 2210 in
817 2146 917 2210 altum
945 2146 1122 2212 saluisse
1153 2145 1201 2228 (ἐς
1228 2146 1265 2212 τὸ

110 2241 185 2311 ἅνω
210 2244 335 2333 πηδᾶν)
357 2244 534 2309 Pausanias
556 2243 648 2327 dicit,
677 2249 783 2313 tamen
812 2246 935 2311 tardius
963 2245 1023 2312 hoc
1045 2248 1114 2312 fieri
1135 2270 1268 2327 necesse

110 2356 194 2432 erat,
219 2368 315 2430 quam
338 2353 372 2412 ut
385 2347 449 2410 tale
465 2346 610 2411 mittendi
632 2346 768 2428 signum,
792 2348 886 2431 quale
906 2367 957 2412 res
979 2351 1172 2432 postulabat,
1196 2371 1267 2417 csse

111 2456 237 2533 posset.
270 2448 413 2526 Accedit,
438 2446 524 2528 quod
540 2453 696 2514 certantes
715 2450 832 2534 quippe
848 2449 1038 2515 stationibus
1053 2451 1166 2516 inclusi
1188 2453 1267 2519 talia

112 2553 210 2634 signa
232 2549 489 2617 animadvertere
511 2549 639 2615 omnino
662 2571 724 2616 non
751 2557 906 2635 poterant.
952 2550 1054 2617 Credo
1077 2552 1174 2633 igitur
1195 2576 1266 2638 pro-

112 2656 220 2738 prium
243 2652 343 2736 ipsius
366 2651 481 2716 missus
504 2650 627 2735 signum
644 2652 723 2718 tuba
737 2652 847 2719 datum
862 2672 942 2735 esse,
966 2653 1083 2738 quippe
1107 2673 1189 2735 quae
1211 2677 1268 2740 per
1314 2725 1318 2730 ,

114 2757 214 2822 breve
230 2761 356 2837 tempus
371 2772 488 2818 sonans
504 2753 545 2817 ab
561 2753 707 2818 omnibus
722 2756 787 2820 late
803 2755 1025 2839 perciperetur.
1058 2755 1127 2821 Hoc
1142 2757 1267 2840 signum

113 2856 279 2923 veteribus
308 2856 341 2920 in
370 2854 595 2919 certaminibus
626 2855 776 2920 usitatum
799 2856 897 2921 luisse
926 2857 1104 2941 complures
1127 2859 1189 2924 loci
1213 2861 1265 2926 de·

115 2960 302 3040 monstrant,
325 2974 406 3037 quos
427 2956 517 3021 lubet
538 2957 662 3022 afferre.

116 3093 216 3176 Soph.
233 3093 282 3158 ul.
299 3097 356 3156 711
384 3091 415 3155 in
437 3092 576 3175 Pythiis:

403 3212 525 3298 χαλκῆς
546 3206 631 3276 ὑπαὶ
655 3209 838 3295 σάλπιγγος
858 3197 949 3296 ᾖξαν.

114 3342 319 3351 -.---...

206 3417 229 3478 1)
247 3413 328 3464 Pons.
342 3413 365 3465 V
381 3417 420 3476 15,
434 3417 461 3464 5:
482 3409 541 3473 „Tru
559 3412 588 3468 δὲ
605 3415 664 3467 τῶν
678 3408 777 3468 ἵππων
788 3416 823 3482 τῇ
840 3407 949 3482 οἷφὲσει,
966 3410 998 3468 ἐν
1009 3412 1062 3480 μὲν
1074 3418 1116 3488 τῷ
1132 3410 1266 3490 ὑπαίθρῳ

115 3501 167 3570 τῆς
180 3493 310 3567 ἀφέσεως
321 3491 411 3553 κατὰ
429 3495 543 3564 μέσον
555 3516 624 3553 που
640 3493 686 3564 μοί
694 3501 797 3552 λιστα
811 3491 1110 3562 ΠοσειδῶνοςἹππίου
1121 3490 1267 3572 καὶἭρος

116 3584 189 3642 εἰσὶν
202 3580 313 3647 Ἱππίας
329 3579 433 3653 βωμοί,
451 3577 526 3652 πρὸς
543 3581 572 3637 δὲ
590 3585 632 3656 τῷ
649 3583 723 3636 κίονι
736 3577 931 3651 Διοσκούρων.
961 3582 1027 3635 (lum
1046 3584 1127 3636 stiam
1144 3584 1191 3637 illa
1208 3600 1266 3648 ara,

117 3669 165 3722 cui
181 3668 272 3736 aquila
290 3664 497 3733 superimposita
515 3670 582 3730 erat,
600 3667 627 3718 in
639 3667 728 3719 media
745 3667 801 3719 fere
818 3681 900 3733 prora
917 3667 1114 3731 staretlvl20,
1130 3673 1172 3721 11:
1191 3664 1265 3726 κατὰ

116 3748 170 3823 τὴν
188 3747 310 3825 πρῴραν
326 3745 449 3818 μάλιστά
462 3770 520 3806 που
531 3752 632 3821 μὲσηντ
652 3766 713 3802 nam
725 3748 813 3802 media
825 3765 906 3816 prora
918 3757 945 3802 et
957 3750 1071 3803 medium
1084 3751 1176 3819 oppidi
1187 3767 1266 3820 aper-

116 3842 176 3890 tum
198 3837 316 3905 spatium
338 3835 408 3888 idem
426 3836 607 3900 conticuos),
631 3835 785 3901 fingendum
807 3840 849 3886 est
866 3841 921 3888 tres
940 3850 1015 3899 aras,
1038 3834 1123 3900 Iovis,
1147 3836 1266 3902 Neptuni

116 3920 267 3990 Equestris,
280 3921 390 3974 lunonis
404 3919 553 3988 Equestris,
571 3933 662 3972 omnes
675 3933 759 3987 prope
771 3918 886 3971 mediam
897 3934 1005 3986 proram
1017 3922 1170 3974 exstructas
1182 3920 1266 3976 fuisse
1334 3908 1335 3911 ¹

116 4005 158 4058 ita
181 4006 301 4074 quidem,
324 4010 355 4058 ut
372 4005 455 4071 Iovis,
481 4004 525 4058 cui
541 4004 613 4058 illam
638 4004 728 4072 aquila
746 4009 867 4056 ornatam
891 4003 1040 4057 dedicatam
1057 4001 1141 4058 fuisso
1160 4021 1265 4070 censeo,

117 4089 234 4144 medium
251 4091 342 4144 locum
360 4090 502 4144 obtineret.
