3072 5012
508 382 540 435 B.
568 381 618 434 DE
636 379 856 435 TARAXIPPO.
1214 379 1254 438 89

80 555 174 621 inde
194 555 303 637 colligi
319 555 404 638 licet,
421 554 507 637 quod
522 554 642 637 Iupiter
658 553 850 619 Diomedem
865 553 997 636 eiusque
1014 572 1113 636 equos
1129 555 1254 637 fulgure

81 665 299 741 perterrens,
326 676 367 721 ne
390 657 518 739 longius
538 656 799 739 progrediantur,
820 655 956 738 impedit
978 656 1025 731 (Il.
1042 658 1072 719 Θ
1088 659 1147 723 130
1160 659 1254 740 sqq).

82 760 168 825 Hoc
186 759 374 842 exemplum
390 760 450 824 etsi
465 778 528 824 non
543 764 608 823 tam
624 757 667 823 ad
682 777 781 839 equos
794 777 889 840 quam
904 759 946 824 ad
958 757 1103 824 homines
1115 760 1255 842 stupefa-

85 861 237 928 oiendos
248 867 393 944 spectare
406 859 644 925 concedendum
660 865 717 943 est,
733 865 840 924 tamen
855 860 976 925 idcirco
991 861 1122 944 propius
1138 861 1180 926 ad
1192 862 1253 927 Τα-

84 965 232 1047 raxippi
248 963 428 1046 opinionem
451 961 577 1028 accedit
599 977 695 1043 quam
710 961 847 1044 Eumeli,
871 962 957 1044 quod
972 963 1039 1028 illic
1061 963 1137 1045 iugo
1152 964 1254 1029 fracto

87 1067 245 1147 demum,
268 1064 321 1130 hic
341 1064 442 1147 ipsius
458 1063 547 1129 Iovis
568 1063 692 1145 fulgore
714 1064 789 1146 equi
809 1070 966 1129 terrentur
982 1085 1036 1131 vv.
1057 1068 1217 1131 131-36:

208 1181 394 1268 βροντήσας
417 1173 448 1244 δ’
475 1173 539 1265 ἄρα
562 1177 671 1244 δεινὸν
693 1171 796 1266 ἀφῆκ’
823 1175 948 1266 ἀργῆτα
970 1180 1136 1264 κεραυνόν,

208 1281 274 1349 κὰδ
296 1283 331 1348 δὲ
355 1275 485 1368 πρόσθ’
511 1281 630 1347 ἵππων
652 1281 841 1367 Διομήδεος
862 1276 919 1370 ἧκε
938 1283 1050 1367 χάμαζ
1072 1303 1080 1316 ·

211 1384 300 1473 δεινὴ
325 1384 360 1450 δὲ
384 1382 472 1472 φλὸξ
492 1369 578 1466 ὦρτο
601 1387 717 1448 θεείου
739 1389 940 1468 καιομένοιο,

209 1486 257 1554 τα)
281 1480 312 1552 δ’
338 1486 437 1552 ἵππω
461 1485 612 1552 δείσαντε
633 1486 847 1574 καταπτήτην
869 1480 931 1552 ὑπ’
957 1481 1105 1574 ὄχεσφιν.

187 1626 228 1692 Id
240 1646 339 1709 genus
355 1625 626 1710 perturbationem
639 1626 780 1707 ipsorum
793 1624 926 1690 deorum
942 1627 1122 1691 interventu
1137 1629 1255 1692 factam

93 1730 189 1813 apud
214 1749 270 1795 eos
291 1737 403 1812 poetas
427 1729 536 1811 epicos
558 1728 750 1809 reperimus,
780 1728 834 1808 qui
857 1727 1032 1792 Homerum
1061 1733 1093 1793 et
1115 1729 1255 1811 cyclicos

94 1832 220 1898 eadem
243 1831 467 1912 superstitione
490 1829 629 1894 imbutos
651 1828 767 1893 imitati
791 1835 873 1894 sunt.
918 1830 1053 1912 Propria
1075 1831 1129 1895 via
1151 1833 1255 1914 ingre·

94 1933 248 2014 diuntur,
278 1952 420 1998 seorsum
442 1933 484 1996 ab
510 1951 566 2012 ea,
595 1950 660 2012 qua
681 1930 860 2012 Tarexippi
887 1931 1017 1997 fabulae
1037 1933 1257 2014 procedebant

95 2043 199 2117 atque
224 2035 417 2100 crescebant.
431 2042 435 2054 '
451 2035 573 2098 Tamen
595 2035 628 2097 in
648 2032 841 2114 quibusdam
856 2032 951 2098 rebus
973 2033 1014 2097 ab
1030 2034 1162 2100 Homeri
1185 2055 1255 2101 sen-

95 2137 205 2201 tentia
228 2135 396 2202 discedere
420 2156 475 2201 eos
498 2135 690 2200 videbimus.

188 2238 227 2302 In
249 2240 389 2320 equestri
412 2238 584 2304 certamine
607 2237 694 2318 apud
717 2233 933 2312 Quintum
957 2235 1255 2319 Smyrnaeum

98 2341 158 2418 [lV
176 2343 239 2403 500
256 2341 337 2423 sqq.)
361 2346 507 2406 enarrate
532 2339 737 2404 infortunium
760 2337 873 2403 Thoas
902 2345 934 2404 et
956 2339 1114 2422 Eurypyli
1143 2341 1185 2422 (p.
1202 2341 1255 2416 69)

98 2449 209 2508 utrum
232 2442 363 2507 deorum
386 2442 568 2507 auctoritati
590 2461 631 2504 an
647 2440 784 2504 naturali
800 2441 889 2506 casui
905 2440 1015 2506 datum
1030 2441 1081 2524 sit,
1104 2460 1166 2505 non
1190 2441 1255 2505 iam

7 2563 8 2568 ¹
99 2543 276 2609 diiudicari
297 2551 412 2627 potest,
435 2544 521 2627 quod
536 2563 657 2625 versus,
681 2543 796 2625 quibus
819 2542 860 2607 de
882 2541 1001 2607 haere
1024 2542 1132 2607 doceri
1154 2545 1255 2626 possi-

99 2665 173 2710 mus
191 2649 276 2728 (post
290 2666 320 2710 v.
338 2648 421 2730 524),
445 2645 642 2711 exciderunt.
677 2645 859 2710 Verisimile
878 2644 959 2710 illud
976 2650 1024 2710 est
1046 2664 1088 2711 cx
1110 2645 1255 2712 similitu·

101 2748 179 2812 dine
197 2767 371 2830 cursorum,
388 2768 405 2813 e
425 2748 540 2830 quibus
552 2747 677 2812 Teucer
694 2746 826 2812 deorum
843 2766 941 2829 opera
954 2745 1040 2810 cadit
1051 2750 1255 2811 vuldo-5:

213 2862 252 2953 δὴ
275 2863 351 2930 τότε
374 2890 440 2929 που
468 2863 625 2948 Τεύκροιο
648 2868 746 2946 μένος
768 2865 922 2948 eutycio
945 2863 1096 2948 πέδηοαν

213 2962 396 3033 ἄδανατοι·
419 2965 478 3032 τὸν
500 2964 562 3050 γάρ
586 2966 628 3052 ῥα
650 2964 733 3043 θεὸς
754 2964 855 3050 βάλεν
877 2957 916 3052 ἠέ
937 2989 989 3040 τις
1012 2958 1073 3048 ὀὶτη

213 3063 289 3145 δξον
313 3067 346 3146 ἒς
370 3062 562 3154 ἀλγινόεντα
584 3067 805 3153 βαθυρρίζοιο
827 3071 993 3152 μυρίκης.Ι

100 3208 141 3274 ld
175 3207 376 3290 potissimum
410 3205 471 3271 hoc
503 3207 576 3271 loco
606 3211 781 3270 memoratu
809 3205 941 3286 dignum
970 3203 1098 3269 videtur
1126 3223 1256 3268 causam

7 3299 9 3320 ⁸
100 3311 214 3392 lapsus
242 3310 275 3373 in
303 3308 401 3374 dubio
431 3309 585 3390 relinqui:
618 3327 682 3372 non
711 3312 815 3372 certus
845 3306 924 3372 deus
953 3306 1149 3389 appellatur,
1179 3307 1256 3390 quin

103 3415 203 3478 etiam
226 3418 330 3476 utrum
353 3410 432 3475 deus
454 3431 496 3474 an
517 3417 570 3475 ate
594 3408 753 3492 quaedam
775 3409 880 3492 fuerit,
904 3408 1076 3474 dubitatur.
1121 3408 1192 3474 Hoc
1214 3409 1255 3473 ab

101 3513 246 3578 Homero
269 3512 366 3578 valde
389 3512 559 3594 discrepat.

190 3615 355 3681 Nonnus
378 3615 411 3678 in
427 3613 693 3696 Dionysiacorum
712 3612 794 3678 libro
810 3612 978 3676 XXXVII.
1002 3631 1165 3677 cursorum
1188 3613 1256 3693 qui-

103 3718 181 3784 dem
203 3718 410 3782 certationem
425 3716 609 3781 describens
624 3715 801 3780 Homerum
818 3721 981 3780 auctorem
1004 3712 1158 3778 imitando
1182 3732 1255 3777 eon·

103 3825 233 3885 secutus
261 3824 324 3901 est,
356 3818 441 3900 quod
465 3816 646 3900 Ocythoum
676 3815 791 3880 eadem
813 3822 910 3897 atque
931 3815 1018 3897 apud
1044 3815 1135 3878 illum
1158 3834 1257 3880 eausa

102 3921 267 3986 labentem
290 3922 521 3996 (ovete-59.
546 3919 853 3984 astiredae-83.
877 3915 1256 3998 Verg.Aen.V327sqq.)

104 4031 138 4089 et
154 4021 368 4089 Erechtheum
384 4021 488 4086 Borea
502 4021 648 4086 adiutore
664 4021 844 4084 vincentem
860 4019 945 4101 facit,
969 4036 1160 4099 quamquam
1176 4016 1256 4084 deus

103 4145 170 4190 non
192 4125 262 4208 ipse
277 4123 458 4207 intervenit,
481 4142 592 4189 verum
607 4122 718 4205 procul
734 4121 905 4186 velocitate
922 4139 994 4185 eum
1009 4125 1152 4184 exornat.
1190 4118 1256 4184 Sed
