3076 5020
477 373 513 428 11.
540 372 590 425 DE
608 372 730 428 LAEVO
750 372 856 428 GYRO.
1202 370 1240 430 47

105 548 208 632 modo,
238 547 296 613 red
318 546 360 613 ad
390 548 540 613 uniuersa
568 544 846 628 quadrupedantia
867 547 1004 629 valet1),
1032 566 1096 610 non
1123 553 1244 615 temere

107 671 141 716 ae
164 650 305 732 lortuito,
335 668 447 715 verum
470 669 511 714 ex
541 654 628 714 certa
656 648 796 731 quadam
824 649 901 713 artis
929 649 1052 713 ratione
1080 655 1182 713 ortam
1210 651 1243 714 in

107 751 252 818 artificum
276 749 396 817 scholis
419 773 440 816 a
461 751 622 834 magistris
644 750 810 834 discipulis
833 750 984 816 traditam
999 767 1080 815 esse.
1117 748 1243 817 Scimus

108 853 137 918 in
156 854 224 919 aliis
248 872 375 936 quoque
397 853 492 919 rebus
514 859 659 917 naturam
682 851 723 917 ab
745 851 918 919 artificibus
934 850 1066 916 Graecis
1081 851 1142 915 arti
1158 859 1243 934 post-

107 954 240 1020 habitam
263 974 350 1039 esse,
380 954 523 1021 velutin
545 954 724 1020 cassidibus
746 954 931 1036 pingendis:
963 974 1033 1019 cum
1057 953 1141 1019 enim
1164 955 1244 1020 anti·

108 1057 240 1138 quissimi
263 1055 402 1122 artifices
417 1057 503 1122 viros
525 1062 704 1139 pugnantes
726 1057 773 1122 sic
795 1056 983 1139 pinxissent,
1007 1062 1041 1121 ut
1058 1075 1094 1121 os
1118 1055 1243 1121 casside

108 1165 279 1242 coopertum
302 1159 417 1224 lateret
425 1161 464 1240 ²),
490 1159 682 1241 posteriores
703 1163 814 1223 eontra
834 1158 912 1223 belli
935 1177 1027 1222 usum
1052 1157 1113 1222 arti
1135 1156 1243 1222 indul-

108 1267 209 1343 gentes
229 1279 286 1326 ore
307 1266 419 1343 aperto
443 1280 497 1326 eos
520 1260 691 1344 tingebant.

184 1361 406 1438 Quaerendum
434 1383 518 1429 nune
547 1367 610 1446 est,
642 1381 799 1445 quaenam
822 1362 904 1428 ratio
927 1362 1014 1427 illius
1036 1362 1118 1443 legis
1140 1362 1243 1427 fuerit.

108 1463 219 1530 Eadem
247 1463 326 1529 mihi
349 1463 476 1529 videtur
499 1484 585 1546 esse,
617 1485 680 1547 qua
702 1463 833 1529 adducti
861 1462 1032 1529 histriones
1061 1463 1094 1528 in
1117 1483 1243 1546 scaena,

109 1587 171 1634 cum
198 1567 332 1632 alterum
362 1566 446 1632 latus
474 1566 517 1631 ad
546 1573 743 1648 spectatores
772 1570 974 1647 convertunt,
1008 1563 1101 1630 huius
1135 1565 1244 1631 latoris

108 1669 241 1734 membra
269 1687 364 1751 quam
392 1669 523 1733 minime
552 1675 626 1734 ante
655 1688 690 1734 se
719 1686 849 1733 movere
872 1667 1027 1742 debent.³)
1071 1666 1169 1734 Cuius
1197 1668 1245 1732 rei

108 1771 193 1836 video
215 1770 377 1854 duplicem
401 1790 546 1837 causam:
569 1772 712 1852 alteram,
735 1789 776 1835 ne
791 1769 863 1834 aliis
883 1770 964 1836 alias
980 1770 1123 1852 corporis
1138 1775 1245 1852 partes

108 1873 306 1955 obtegant-
322 1871 409 1955 quod
431 1872 566 1938 moleste
587 1872 692 1938 lerunt
707 1876 912 1954 spectatores,
936 1890 1069 1952 quorum
1085 1873 1246 1954 integrum

108 1972 260 2040 histrionis
280 1993 405 2057 corpus,
429 1995 464 2041 os
480 1974 679 2057 potissimum
702 1979 848 2056 spectare
870 1992 997 2054 semper
1019 1980 1052 2039 et
1073 1975 1245 2039 observare

108 2076 227 2140 nultum
251 2076 383 2141 interest
401 2110 452 2157 -,
475 2077 619 2159 alteram,
642 2095 682 2140 ne
705 2073 989 2156 scaenographiae,
1014 2095 1096 2157 quae
1119 2076 1244 2159 dieitur,

107 2183 283 2260 repugnent.
321 2176 563 2260 Scaenographi
586 2178 670 2242 enlm
694 2196 764 2242 oum
781 2195 844 2258 quo
860 2175 1001 2259 quidque
1018 2184 1067 2244 est
1083 2179 1245 2259 remotius,

107 2297 140 2343 eo
165 2281 268 2362 magis
298 2279 438 2345 medinm
468 2298 579 2344 versus
606 2277 800 2361 producant,
828 2297 869 2342 ne
897 2279 938 2342 ab
966 2280 1125 2345 anteriore
1154 2287 1245 2362 parte

21 2397 22 2430 ὲ
106 2388 316 2464 praelegatur,
350 2380 432 2447 hanc
454 2389 555 2447 artem
586 2380 771 2461 histriones,
805 2382 860 2462 qui
882 2400 957 2463 pars
980 2381 1044 2446 sint
1077 2382 1245 2446 scaenicae

107 2484 255 2566 imaginis,
278 2484 325 2548 ita
339 2483 451 2548 iuvare
467 2483 595 2565 debent,
619 2487 653 2546 ut
667 2482 729 2564 Ipsi
745 2501 872 2563 quoque
893 2483 1080 2548 remotiores
1103 2484 1245 2565 corporis

106 2590 203 2664 partes
236 2585 418 2668 porrigant,
452 2584 684 2667 spectatoribus
716 2585 960 2666 propinquiores
992 2585 1163 2650 retineant:
1198 2586 1246 2652 sic

107 2687 204 2769 imago
227 2685 371 2769 efficitur,
395 2706 478 2769 qnae
493 2686 640 2752 omnibus
657 2705 698 2750 ex
712 2687 857 2769 partibus
873 2700 1004 2751 concors
1021 2693 1053 2751 et
1067 2706 1245 2770 congruens

184 2858 208 2917 1)
227 2851 395 2906 Centauri
412 2851 512 2920 inghir.
526 2852 557 2907 V.
572 2851 622 2905 titt.
642 2849 743 2906 XXIII.
756 2851 881 2906 LXXIX.
894 2852 963 2906 XCI.
981 2852 1066 2906 XCII.
1084 2851 1173 2906 XCIII
1191 2861 1244 2919 (ex-

107 2943 175 3005 cepto
194 2936 289 2991 dextro
307 2936 335 2990 in
352 2936 480 2991 interlore
497 2937 621 3004 imaginis
639 2943 724 3004 parte.
754 2937 805 3003 Qui
823 2938 851 2990 in
868 2939 1008 3006 superlore
1026 2941 1103 3006 parte
1120 2936 1246 3004 appletus

106 3025 149 3087 est,
160 3021 321 3076 decussatim
334 3020 539 3089 quadrupedat).
560 3021 640 3076 CXV.
654 3021 748 3074 CXVI.
760 3022 855 3076 CXIX.
868 3022 993 3076 CLXXII
1005 3027 1127 3091 (excepto
1139 3021 1245 3089 primo).

108 3105 180 3161 Gerh.
205 3106 312 3161 Auserl.
334 3121 373 3174 gr.
392 3105 426 3160 V.
451 3105 545 3159 CXIX.
565 3106 646 3160 CXX.
682 3107 781 3160 Mttller
806 3106 922 3160 Denkm.
943 3112 1000 3161 176.
1036 3107 1121 3160 Muli
1143 3105 1244 3172 Inghir.

23 3195 24 3254 l
107 3191 224 3248 CCLXV.
254 3191 323 3245 Len.
342 3191 419 3245 etde
438 3192 522 3246 Witte
540 3193 589 3246 vol.
609 3193 629 3245 I.
648 3191 705 3245 tab.
723 3190 823 3244 XLIII.
842 3191 940 3257 XLVI,
959 3194 992 3246 A.
1023 3191 1127 3245 Tauri
1144 3191 1244 3257 Inghir.

24 3331 25 3348 ,
105 3275 196 3332 XXIV.
210 3275 377 3330 CCCLXIII.
404 3277 469 3330 Len.
484 3283 511 3330 et
523 3277 556 3330 de
569 3276 612 3331 W.
632 3276 682 3330 vol.
696 3275 718 3328 1.
731 3276 785 3329 tab.
799 3275 924 3330 XXVIII.
949 3278 1000 3332 sol.
1013 3276 1063 3331 III.
1077 3277 1132 3330 tab.
1146 3275 1245 3329 LXIX.

105 3360 219 3416 XCVIII.
251 3361 349 3416 Cervi
366 3361 464 3428 lnghir.
485 3360 570 3415 CCIII
587 3361 623 3426 (in
643 3361 728 3428 clipeo
746 3361 854 3428 pietus).
885 3360 1009 3416 Gerhard
1027 3361 1207 3425 CCCXXVII,
1222 3367 1245 3416 l.

105 3445 164 3500 Len.
176 3451 202 3502 et
214 3448 239 3502 d.
253 3447 296 3501 W.
316 3447 366 3500 vol.
380 3446 415 3501 ll.
434 3447 489 3501 tab.
503 3445 602 3500 XLIII.
623 3445 685 3499 CIII
703 3447 734 3498 Β.
765 3445 816 3500 vol.
834 3444 881 3499 lV.
899 3449 955 3501 tab.
975 3446 1047 3501 LIII.
1078 3447 1151 3502 Idus.
1165 3448 1245 3512 Greg.

106 3532 150 3586 rol.
163 3533 197 3587 II.
215 3533 270 3587 tab.
284 3530 345 3596 XII,
365 3532 411 3586 2b.
442 3531 581 3585 Arietes
599 3530 700 3598 InghIr.
719 3529 820 3584 XXVI.
841 3529 921 3584 CLII.
954 3533 1061 3587 Canes
1079 3533 1167 3600 Inghi.
1185 3534 1244 3587 Lll.

25 3621 26 3678 i
108 3613 180 3670 Geth.
199 3615 304 3670 COLII.
334 3615 402 3670 Len.
421 3623 449 3670 et
466 3615 491 3670 d.
511 3617 554 3670 W.
574 3616 624 3671 vol.
643 3615 678 3669 II.
697 3616 753 3668 tub.
767 3615 889 3669 xcviii.
909 3616 938 3670 C.
960 3617 1016 3671 CII.
1030 3616 1093 3671 CIII
1110 3619 1142 3672 Β.
1161 3619 1245 3675 CXII.

105 3699 168 3755 llus.
182 3702 262 3768 Greg.
275 3701 327 3755 vol.
341 3701 376 3754 lI.
388 3701 443 3756 tab.
450 3699 542 3765 LVII,
556 3705 603 3756 Ia.
630 3700 715 3768 Apri
735 3700 816 3754 Gerh.
836 3699 1014 3766 CCCXXVII,
1029 3706 1052 3754 2.
1079 3701 1152 3756 Mus.
1165 3703 1245 3771 Greg.

106 3785 150 3839 rol.
167 3786 203 3841 Π.
221 3787 277 3840 tab.
297 3785 396 3850 XVIII,
420 3791 464 3840 la.
499 3785 669 3839 Pardales
687 3784 788 3850 Inghir.
807 3783 931 3836 XLVIII.
952 3784 1055 3838 CLXV.
1088 3785 1154 3840 Len.
1174 3791 1201 3840 et
1218 3789 1244 3842 d.

105 3866 144 3922 W.
160 3870 211 3925 vol.
223 3869 261 3926 11.
278 3869 333 3925 tab.
348 3870 410 3924 CIII
428 3870 459 3925 B.
487 3870 638 3939 Lepores
656 3869 756 3936 Inghir.
776 3867 880 3922 CLXV.
911 3868 977 3924 Len.
997 3873 1026 3924 et
1043 3868 1069 3923 d.
1090 3871 1133 3924 W.
1152 3873 1202 3925 vol.
1221 3871 1242 3926 I.

106 3954 154 4009 Μ’
172 3955 207 4105 ⁰2)
225 4040 326 4108 rugen.
344 4040 465 4095 rv-vr.
483 4038 611 4093 ccum.

183 4129 208 4192 3)
227 4123 283 4180 Clr.
303 4124 796 4194 GoethIipraecepts.histriona11e§
815 4127 924 4178 5Ί-62.
