3076 5020
313 397 334 454 4
401 397 423 452 1.
452 396 502 450 DE
518 395 696 466 EQUORUM
714 395 929 452 CURRICULIS
948 395 995 448 AB
1013 392 1129 448 nnlcls
1147 391 1369 449 nuscanum.

397 569 633 638 Lubentissimc
655 569 738 655 epici
753 575 869 654 poetae
884 567 966 634 tales
986 566 1079 635 ludos
1095 586 1245 634 versuum
1267 567 1369 636 nitore
1391 589 1467 652 per-

313 672 413 740 secuti
434 679 516 739 snnt.
554 671 753 758 Cyclicorum
767 669 925 757 poematis
941 690 1050 738 eorum
1073 669 1302 757 descriptiones
1324 669 1469 738 restituit

313 775 501 842 Welckerus
530 774 563 840 in
590 774 690 842 altero
713 774 805 858 Epici
828 772 919 858 cycli
947 772 1108 840 volumine
1134 772 1250 857 partim
1272 773 1468 840 testimoniis

313 877 427 962 partim
450 877 639 944 coniecturis
664 876 752 942 nisus
775 875 820 959 (p.
844 881 969 940 :tob—3
992 875 1170 958 Thebaidi,
1192 897 1223 960 p.
1247 879 1308 940 522
1331 875 1468 942 Aethio·

312 979 389 1064 pidi,
411 1000 442 1063 p.
460 982 520 1044 319
537 986 568 1043 et
584 982 645 1043 344
661 976 878 1061 Oedipodeae,
900 998 931 1061 p.
948 981 1009 1042 393
1026 982 1135 1044 01403
1152 975 1329 1062 Epigonis).
1367 979 1468 1059 Quod

311 1100 387 1147 vero
415 1079 530 1147 summi
558 1078 684 1146 videtur
706 1099 778 1146 csse
800 1079 967 1162 momenti,
995 1077 1082 1164 apud
1107 1080 1193 1146 solos
1215 1079 1356 1147 Graecos
1378 1081 1467 1148 eius-

312 1183 399 1251 modi
421 1182 649 1250 certationibus
672 1181 783 1248 funcra
811 1181 1024 1248 celebrantur:
1054 1182 1260 1249 barbarorum
1282 1182 1366 1248 enim
1388 1203 1465 1250 nus-

310 1305 406 1368 quam
422 1289 717 1368 commemorantur,
738 1304 780 1350 ne
794 1284 839 1349 ibi
855 1282 994 1364 quidem,
1017 1284 1072 1350 ubi
1087 1291 1212 1368 poetae,
1233 1291 1269 1349 ut
1282 1283 1316 1350 id
1330 1285 1467 1369 faceret,

310 1389 453 1454 maxima
475 1393 545 1453 erat
566 1386 708 1468 occasio,
738 1384 826 1451 velut
848 1385 881 1450 in
904 1387 1065 1468 exsequiis
1088 1385 1250 1484 Hectoris,
1272 1387 1465 1471 Memnonis,

310 1490 452 1574 Paridis,
475 1488 700 1556 Penthesileae
722 1487 865 1553 aliorum.
910 1487 947 1554 ld
976 1507 1080 1570 neque
1104 1487 1191 1554 casui
1213 1488 1377 1556 tribuerim
1400 1511 1467 1556 nec

308 1598 433 1677 poetas,
454 1612 495 1658 ue
517 1589 690 1657 earundem
712 1609 817 1656 rerum
835 1591 1004 1657 iteratione
1018 1589 1180 1668 auditores
1203 1589 1382 1676 fatigarent,
1405 1614 1465 1658 ve·

308 1695 387 1761 ritos
409 1695 468 1760 has
484 1693 668 1760 occasiones
685 1691 830 1759 omisisse
844 1691 1043 1775 crediderim,
1067 1691 1143 1773 quia
1156 1712 1219 1758 uno
1235 1693 1350 1760 saltem
1366 1715 1466 1762 versu
1524 1685 1525 1694 ’

309 1816 376 1862 rem
392 1795 550 1879 attingere
565 1802 720 1879 poterant.
758 1794 862 1880 Magis
876 1794 972 1876 igitur
988 1795 1111 1862 animus
1127 1794 1268 1876 inclinat,
1290 1802 1326 1862 ut
1347 1798 1466 1863 funera

309 1898 537 1965 certationibus
565 1905 678 1964 ornata
706 1917 725 1961 a
755 1897 961 1963 barbarorum
990 1917 1048 1964 usu
1077 1916 1204 1980 prorsus
1233 1896 1339 1962 alicua
1361 1898 1466 1966 fuisse

309 2000 498 2067 existimem.
532 1999 697 2066 Accedunt
717 1998 761 2063 ad
783 1997 865 2064 haue
880 1999 1167 2083 frequentissimam
1183 2000 1377 2080 equestrium
1393 2022 1464 2070 cer-

308 2102 463 2168 taminum
485 2101 685 2168 occasionem
700 2101 765 2166 iam
781 2101 1012 2184 antiquissimis
1035 2101 1231 2185 temporibus
1253 2101 1337 2167 aliae
1358 2101 1463 2168 duae:

308 2205 411 2271 altera
438 2203 601 2286 religionis
630 2222 760 2288 expers,
790 2222 855 2285 qua
876 2204 964 2290 proci
986 2203 1027 2270 dc
1055 2201 1141 2269 filiae
1164 2202 1329 2268 cuiusdam
1351 2208 1462 2272 matri·

308 2307 414 2374 monio
442 2307 622 2388 certabant,
652 2310 687 2372 ut
710 2305 943 2390 Hippodamiae
951 2305 988 2388 ¹),
1018 2304 1201 2389 Marpessae
1229 2306 1363 2372 aliarum
1387 2305 1461 2390 (cfr.

307 2409 470 2476 Welckeri
487 2429 543 2504 pp.
566 2408 654 2492 Cycl.
677 2408 716 2473 11.
740 2429 770 2492 p.
795 2407 865 2491 30),
896 2409 1012 2490 altera,
1043 2427 1107 2490 qua
1130 2405 1182 2472 dei
1205 2407 1461 2477 celebrarentur:

307 2531 347 2578 ex
371 2530 504 2593 quorum
527 2510 733 2576 certaminum
756 2529 888 2576 numero
911 2510 1151 2577 Isthmiaoorum
1175 2515 1207 2577 et
1224 2512 1459 2578 Nemeaeorum

307 2613 445 2697 origines
467 2611 509 2677 ad
532 2613 625 2678 ludos
647 2611 797 2678 funebres
820 2613 929 2679 referri
955 2613 1111 2678 solebant.
1156 2611 1250 2691 Quod
1277 2633 1336 2678 uos
1359 2633 1460 2696 equo-

306 2735 375 2781 rum
390 2713 618 2781 certationibus
633 2715 685 2780 101
701 2714 840 2780 maxime
862 2715 1015 2796 consequi
1035 2713 1211 2800 studemus,
1232 2720 1268 2780 ut
1282 2716 1461 2782 victoribus

306 2818 397 2900 equis
419 2816 605 2882 coeuntibus
628 2835 724 2898 quam
747 2815 978 2883 nobilissimum
1000 2837 1040 2883 ac
1061 2816 1367 2899 praestantissimum
1390 2820 1459 2885 effi-

306 2919 408 2986 ciatur
435 2938 586 3001 equorum
609 2935 710 2999 genus
719 2916 761 3001 ²),
792 2918 825 2985 id
848 2927 974 2985 veteres
995 2938 1073 3004 prae
1094 2918 1225 2986 deorum
1248 2920 1301 2985 vel
1324 2920 1457 2987 heroum

305 3021 425 3089 honore
447 3020 607 3089 secundae
629 3041 724 3088 curae
746 3021 917 3103 habebant,
941 3019 1087 3102 quamvis
1107 3021 1232 3104 palmas
1248 3040 1402 3104 equomm
1427 3032 1460 3091 et

304 3125 553 3208 generositatem
576 3124 683 3208 magni
705 3123 920 3189 aestimarent.

390 3226 498 3292 Pauca
517 3223 635 3291 addam
659 3224 699 3290 de
725 3225 836 3292 ordine
858 3224 1083 3309 certaminum,
1112 3245 1206 3308 quem
1228 3226 1338 3292 tabula
1359 3225 1404 3311 (p.
1421 3229 1457 3311 6)

305 3326 472 3392 illustravi.
515 3327 644 3394 Homeri
668 3328 703 3392 V.
727 3327 779 3392 Vl.
803 3327 862 3393 Vll
888 3326 1081 3413 interpolata
1107 3333 1215 3394 censet
1236 3327 1387 3394 Lehrsius
1414 3329 1458 3395 de

305 3429 400 3494 Arist.
424 3429 506 3495 stud.
530 3429 623 3494 Hom.
647 3429 742 3512 epim.
765 3449 795 3512 p.
819 3433 880 3494 433
895 3448 964 3512 sqq.
1009 3428 1147 3514 Eadem,
1177 3447 1259 3510 quae
1281 3430 1367 3514 apud
1390 3431 1458 3498 Ho-

305 3551 442 3614 merum,
471 3535 544 3598 sunt
572 3531 656 3616 apud
686 3531 833 3597 Nonnnm
862 3537 895 3598 et
922 3531 1076 3618 Statium,
1105 3530 1167 3596 nisi
1195 3532 1289 3613 quod'
1308 3533 1364 3598 ille
1390 3553 1456 3600 ser·
1521 3603 1522 3608 ,

393 3739 416 3800 1)
433 3733 476 3788 De
493 3733 546 3790 hoc
564 3733 711 3788 certamine
731 3747 816 3801 nuper
834 3732 979 3787 Eduardus
997 3732 1182 3788 Thraemerus
1201 3733 1230 3788 in
1248 3749 1293 3800 eo,
1316 3734 1363 3804 qui
1376 3727 1454 3790 ‘Per-

304 3811 411 3885 gamos'
429 3818 596 3880 inscribitur,
613 3817 682 3872 libro
700 3834 727 3887 p.
742 3821 773 3871 33
781 3835 838 3887 sqq.
856 3819 917 3888 egit.
1077 3875 1080 3884 ,

390 3906 415 3966 21
433 3901 531 3958 Similis
548 3903 617 3958 ratio
636 3902 726 3957 Persis
743 3903 848 3958 ridetur
865 3903 957 3969 fuisse,
977 3902 1022 3969 qni
1038 3917 1168 3970 equorum
1185 3902 1266 3957 laude
1283 3909 1391 3971 praeter
1409 3920 1454 3960 ce·

304 3992 377 4042 teros
394 3986 538 4042 florebant:
563 3989 667 4042 Xerxes
691 3987 761 4042 enim
783 3989 810 4040 in
829 3988 971 4042 Thessalia
992 3988 1163 4043 Persicorum
1185 3993 1213 4043 et
1236 3987 1454 4044 Thessalicorum

304 4087 432 4141 equorum
457 4077 592 4127 certamen
614 4072 746 4137 instituit,
771 4078 814 4138 ut,
836 4074 907 4126 uteri
924 4071 1071 4128 velociores
1089 4080 1193 4138 essent,
1216 4073 1356 4129 iudicaret.
1393 4078 1453 4144 Quo
1520 4057 1521 4072 Χ

309 4157 336 4211 111
357 4158 504 4212 certamine
522 4157 623 4211 Persici
641 4157 814 4212 Thessalicos
832 4157 910 4224 longe
927 4168 1122 4227 superaverunt
1139 4160 1248 4226 (Herod.
1266 4159 1315 4214 Vll
1331 4165 1397 4228 196).
