3072 5012
296 385 336 446 62
689 389 723 444 Δ.
751 388 1054 446 submonemus

295 558 354 626 Sit.
369 559 407 624 It
423 559 502 626 XVI
517 563 681 628 eea-64:

382 679 424 744 At
447 679 562 746 docilis
584 680 665 746 freni
688 689 720 747 et
742 683 855 748 melior
876 702 991 766 parere
1013 682 1146 751 Pelorus

380 779 465 847 Non
488 801 656 864 unquam
679 783 851 850 effusum
873 785 1063 852 sinuabat
1087 783 1232 853 devius
1253 805 1373 868 axem,

380 882 447 949 Sed
469 885 563 950 laevo
586 885 717 951 interior
738 886 972 967 stringebat
993 888 1155 953 tramite
1177 893 1325 954 metam.

294 1017 375 1086 Stat.
391 1019 493 1086 Theb.
510 1020 555 1085 VI
571 1025 632 1085 440
646 1041 732 1105 sqq:

380 1138 530 1222 Speravit
550 1138 655 1206 flexae
678 1140 790 1206 circa
813 1140 1058 1224 compendia
1079 1149 1209 1208 metae

379 1241 515 1308 Interius
537 1241 641 1308 ductis
663 1240 846 1309 Phoebeius
868 1261 970 1326 augur
991 1241 1127 1311 bebonis

379 1343 646 1426 Anticipasse
668 1344 790 1418 viam;
811 1363 957 1412 necnon
979 1351 1012 1412 ct
1033 1343 1209 1412 Thessalus
1231 1345 1327 1412 beros

379 1442 445 1527 Spe
466 1446 615 1528 propiore
637 1445 730 1528 calet,
752 1444 829 1510 dum
852 1465 915 1512 non
937 1445 1108 1513 cohibente
1130 1448 1283 1530 magistro

379 1544 593 1631 Spargitur
614 1548 653 1614 in
675 1566 797 1631 gyros
819 1547 1049 1631 dexterque
1071 1557 1237 1615 exerrat
1258 1550 1386 1616 Arion.

378 1681 438 1749 His
461 1683 541 1750 locis
563 1685 642 1750 satis
664 1701 825 1768 superque
852 1683 1089 1752 demonstrasse
1118 1685 1197 1750 mibi
1220 1685 1333 1752 videor
1355 1687 1442 1752 illins

292 1785 475 1867 compendii
497 1785 571 1852 viae
593 1791 752 1854 certantes
773 1804 898 1869 semper
921 1784 1145 1870 cupidissimos
1166 1785 1277 1872 fnisse,
1299 1787 1335 1853 id
1355 1787 1442 1871 quod

292 1906 495 1970 nequaquam
518 1889 706 1971 simpliciter
727 1909 794 1955 rem
816 1888 969 1971 cogitanti
998 1895 1246 1956 consentaneum
1268 1896 1331 1973 cst,
1366 1893 1442 1973 quia
1525 1911 1526 1962 r

292 1995 429 2070 tantum,
459 1997 611 2072 quantum
634 1991 857 2058 brevissimum
884 1989 1064 2057 anfractum
1091 1990 1213 2056 nullam
1234 1991 1334 2056 aliam
1356 1991 1442 2058 viam

293 2089 443 2158 habuisse
473 2094 608 2175 periculi
635 2092 769 2159 totidem
797 2093 860 2159 loci
889 2091 1060 2158 ostendunt
1088 2098 1120 2158 et
1147 2112 1199 2159 res
1221 2092 1293 2175 ipsa
1314 2093 1440 2159 clamat

267 2193 417 2264 damen
450 2195 698 2262 emolumentum
730 2194 912 2278 compendii
943 2199 1067 2260 tantum
1093 2194 1170 2280 fuit,
1202 2200 1238 2259 ut
1264 2196 1441 2278 periculum

291 2297 514 2380 qualecunque
535 2303 767 2381 compensaret.
805 2296 888 2361 Nam
911 2297 1040 2380 cumei,
1063 2297 1119 2380 qui
1140 2297 1260 2380 primus
1276 2315 1440 2362 enumero

291 2400 507 2481 agonistarum
538 2401 773 2466 excurrentium
802 2399 993 2465 exteriorem
1023 2404 1142 2464 metam
1169 2404 1334 2466 assecutus
1362 2407 1440 2482 erat,

290 2522 354 2568 non
375 2502 410 2567 id
432 2504 536 2568 solnm
557 2503 772 2585 contingeret,
795 2507 830 2567 ut
851 2500 1010 2566 artissimo
1032 2499 1166 2566 circuitu
1186 2507 1305 2566 metam
1327 2500 1440 2568 radere

289 2610 413 2687 posset,
448 2604 507 2670 sed
536 2605 633 2669 etiam
662 2610 697 2669 ut
725 2602 786 2669 hac
814 2609 901 2669 meta
932 2607 1084 2684 superata
1110 2602 1286 2669 secundnm
1314 2605 1441 2688 spinam

290 2706 480 2772 brevissima
502 2706 556 2771 via
583 2705 626 2771 ad
654 2705 837 2772 interiorem
865 2710 985 2770 metam
1011 2701 1132 2770 rediret
1160 2691 1297 2788 eamque
1326 2707 1439 2774 eodem

290 2815 387 2892 atque
409 2808 499 2873 illam
522 2806 619 2873 modo
640 2807 792 2890 ambiret,
815 2806 862 2872 ita
883 2804 1040 2889 denique,
1063 2805 1090 2872 si
1112 2805 1194 2871 nibil
1215 2807 1246 2873 ei
1268 2806 1439 2892 accideret,

289 2911 463 2978 duodecies
484 2913 539 2977 via
553 2931 650 2995 qnam
669 2911 808 2975 maxime
824 2914 988 2975 eontracta
1001 2908 1170 2974 victoriam
1186 2909 1301 2976 ceteris
1315 2909 1440 2993 longio-

289 3034 341 3081 res
356 3016 427 3080 vias
442 3014 669 3098 peragentibus
684 3013 892 3095 praeriperet,
915 3009 995 3093 quid
1011 3009 1135 3092 mirum,
1151 3010 1179 3076 si
1194 3011 1303 3076 statim
1318 3013 1439 3095 oppido

289 3117 401 3185 relicto
424 3117 642 3200 unusquisqne
671 3115 861 3181 certantium
888 3117 923 3177 ut
949 3111 1071 3195 primus
1100 3113 1293 3178 exteriorem
1320 3119 1439 3180 metam

289 3220 469 3301 attingeret,
492 3219 579 3284 omni
602 3217 804 3283 contentione
826 3213 1011 3280 nitebatur?

335 3359 340 3370 ·
373 3318 575 3403 Quapropter
596 3319 875 3402 persuasissimum
902 3315 1007 3382 habeo
1030 3314 1194 3382 Cleoctam
1221 3315 1354 3382 invento
1381 3338 1439 3384 suo

289 3418 323 3485 id
350 3422 550 3503 potissimum
578 3421 706 3487 efficere
735 3426 767 3485 et
795 3419 945 3484 debuisse
972 3424 1005 3482 et
1031 3417 1187 3498 voluisse,
1216 3423 1252 3482 ut
1279 3418 1439 3486 universis

289 3523 433 3590 eiusdem
466 3523 582 3590 missus
614 3522 809 3589 certantibus
837 3520 912 3586 viae
941 3519 982 3584 ab
1016 3519 1137 3602 oppido
1168 3518 1212 3585 ad
1245 3519 1438 3587 exteriorem

289 3633 406 3692 metam
428 3626 524 3708 plane
547 3629 811 3708 exaequarentnr.
856 3622 970 3704 Neque
992 3622 1076 3687 enim
1104 3622 1187 3688 ultra
1208 3628 1327 3687 metam
1350 3625 1438 3706 quic·

288 3747 384 3811 quam
406 3733 570 3810 praestare
592 3747 652 3794 nec
673 3725 814 3793 debebat
835 3741 895 3790 nec
911 3730 1047 3808 poterat,
1070 3726 1147 3807 quia
1161 3724 1206 3790 ibi
1220 3722 1319 3806 filum,
1343 3730 1379 3790 ut
1394 3727 1439 3792 itu

288 3829 409 3912 dicam,
438 3831 643 3910 certantium,
672 3829 818 3896 simodo
846 3846 949 3911 usque
977 3846 1016 3893 eo
1039 3825 1242 3909 cohaeserat,
1271 3826 1359 3908 quod
1381 3828 1438 3894 ad-

286 3932 417 3999 modum
439 3952 511 3998 raro
534 3932 682 3998 evenisse
703 3950 789 4012 reor,
821 3929 961 3996 discindi
982 3949 1021 3996 ac
1043 3926 1178 3994 dissolvi
1199 3946 1331 3996 necesse
1359 3937 1438 3997 erat.

288 4034 473 4116 Videamus,
495 4053 572 4098 num
593 4034 661 4118 tali,
684 4033 814 4115 qualem
834 4052 893 4098 nos
915 4031 1122 4113 restituimus,
1144 4029 1257 4113 oppidi
1275 4037 1437 4100 construc-

286 4137 373 4202 tione
396 4137 453 4201 iila
481 4136 674 4217 exaequatio
696 4134 886 4220 perficiatur.
931 4133 1091 4199 Voeamur
1111 4151 1196 4198 nunc
1217 4132 1260 4197 ad
1282 4134 1437 4200 circinum

1346 4503 1451 4636 N
