3076 5020
392 361 424 416 Δ.
453 362 502 414 DE
521 362 758 418 HIPPODROMO
777 358 976 418 domnaldo.
1238 367 1256 423 9

104 536 301 602 exteriorem
330 542 464 619 metam,
494 534 652 617 siquidem
683 535 725 601 ad
754 536 945 604 vocabulum
975 539 1064 621 σῆμα
1092 538 1125 603 in
1148 559 1178 603 r.
1195 543 1254 603 331

104 638 296 706 referendus
324 644 386 706 est:
417 631 471 702 ‘Et
500 638 561 704 hoc
589 639 714 720 signum
742 660 825 706 nunc
855 661 913 725 pro
941 646 1034 719 meta}
1055 658 1126 706 esse
1156 640 1257 706 voluit

104 732 282 808 Achilles'.
340 740 488 822 Namque
520 741 707 807 Homericus
740 742 970 827 hippodromus
1001 743 1102 809 semel
1133 747 1255 808 tantum

104 844 320 930 percurritur,
349 843 527 924 quodcum
551 864 592 910 ex
614 843 687 909 aliis
709 845 806 911 totius
829 845 1050 929 descriptionis
1071 846 1167 911 rebus
1190 852 1255 911 tum

106 969 127 1013 e
151 953 366 1032 spectatorum
389 945 547 1027 colloquio
570 953 705 1030 apparet
727 967 756 1012 r.
773 951 835 1012 448
847 966 916 1029 sqq.
955 947 1062 1013 Verba
1084 946 1168 1012 enim
1191 945 1256 1010 πύ-

104 1073 215 1133 ματος
238 1047 361 1132 δρόμος
375 1049 407 1113 in
422 1068 452 1113 v.
470 1052 530 1112 373
547 1056 724 1115 extremum
740 1048 877 1132 spatium
893 1049 1041 1115 sinistrae
1063 1048 1136 1115 viae
1158 1049 1255 1134 signi-

104 1152 206 1218 ficant
217 1150 241 1234 ¹)
258 1149 326 1234 (cfr.
343 1172 373 1218 v.
391 1155 450 1216 768
467 1150 580 1217 eadem
596 1151 695 1216 verba
711 1150 752 1217 de
766 1150 903 1234 simplici
917 1151 1021 1216 stadio
1038 1150 1132 1216 dicta.
1161 1151 1255 1236 Verg.

104 1257 188 1321 Aen.
204 1253 232 1318 V
248 1253 334 1336 327).
379 1251 448 1330 Quo
477 1272 553 1319 vero
582 1253 685 1319 minor
714 1262 782 1319 erat
804 1253 1002 1318 anfractuum
1023 1273 1188 1337 numerus,
1217 1275 1255 1319 eo

106 1358 212 1423 maior
234 1354 344 1422 debuit
360 1376 430 1422 esse
452 1356 548 1422 totius
562 1354 765 1440 hippodromi
787 1355 962 1439 longitudo,
983 1361 1018 1421 ut
1040 1357 1114 1440 eqni
1129 1364 1255 1439 praeter

105 1460 303 1526 celeritatem
320 1457 416 1524 etiam
437 1457 600 1523 assiduum
617 1459 759 1524 lahorem
775 1464 982 1542 praestarent.
1016 1456 1122 1535 Quare
1137 1460 1255 1523 factum

106 1571 167 1647 est,
190 1568 225 1627 ut
240 1567 397 1628 certantes
412 1560 499 1626 viam
514 1581 614 1646 prope
629 1566 747 1626 metam
769 1561 879 1646 procul
894 1567 1048 1626 remotam
1066 1567 1255 1643 peragentes

106 1686 125 1731 e
148 1670 363 1749 spectatorum
378 1670 548 1747 conspectu
564 1669 792 1730 evanescerent
815 1663 858 1745 (r.
875 1667 949 1728 358:
973 1659 1097 1750 σήμηνε
1120 1660 1156 1726 δὲ
1178 1665 1254 1746 τέρ-

105 1761 191 1849 ματ’
214 1759 384 1847 Ἀχιλλεὺς
404 1766 408 1848 Ι
428 1764 572 1850 τηλοδεν
595 1762 629 1830 ἐν
652 1766 730 1850 λείην
753 1761 872 1849 πεδίῳ.
896 1769 967 1830 450.
991 1769 1053 1830 458
1065 1750 1150 1847 sdq.)
1169 1766 1190 1842 ).

193 1868 285 1947 Quod
315 1874 440 1935 veteres
467 1869 553 1934 viam
584 1866 785 1952 hippodromi
812 1865 1068 1952 duplicaverunt,
1097 1866 1253 1951 triplicem

106 1973 203 2039 video
231 1971 395 2037 rationem.
440 1969 580 2036 Primum
613 1971 687 2035 talis
716 1968 946 2055 hippodromus
980 1969 1083 2035 minus
1115 1969 1254 2052 spatium

105 2075 291 2162 postulabat
320 2093 416 2155 quam
438 2073 591 2156 simplex,
621 2073 771 2154 quoniam
794 2073 862 2138 sine
888 2091 978 2138 mora
1005 2073 1087 2137 ultro
1111 2071 1253 2152 citroque

106 2178 248 2263 percurri
270 2181 405 2260 poterat.
448 2174 575 2240 Deinde
596 2175 642 2240 ita
663 2175 779 2257 fiebat,
800 2181 835 2240 ut
856 2179 1052 2259 spectatores
1075 2180 1107 2239 et
1128 2173 1253 2239 initium

107 2289 139 2347 et
160 2279 255 2345 finem
278 2276 460 2343 certaminis
475 2296 576 2359 aeque
599 2281 729 2360 possent
751 2277 927 2361 conspicari
941 2297 1046 2360 neque
1067 2276 1171 2341 locum
1187 2295 1252 2339 mu·

107 2389 176 2447 tare
203 2381 365 2446 deberent.
420 2380 503 2445 Tum
532 2385 662 2463 propter
694 2387 799 2445 artum
828 2379 912 2444 circa
942 2385 1061 2444 metam
1089 2376 1253 2444 circuitum

107 2503 216 2567 equos,
240 2482 401 2548 sinistrum
422 2480 637 2564 potissimum,
667 2482 749 2547 bene
770 2481 932 2547 institutos
954 2487 987 2546 et
1009 2479 1253 2547 condocefactos

108 2607 178 2652 esse
200 2605 330 2652 necesse
353 2584 467 2666 erat3).
504 2585 588 2650 Nam
611 2582 706 2650 rudes
728 2587 760 2648 et
781 2583 943 2650 intractati
961 2583 1014 2648 vel
1036 2582 1130 2647 nimis
1153 2582 1253 2667 impe-

107 2689 190 2754 tuosi
212 2685 382 2770 (ἕκδρομοι
403 2684 508 2751 ἵπποι
530 2686 645 2752 Pollux
659 2686 706 2751 Ill
724 2685 798 2768 148)
820 2691 947 2769 praeter
967 2691 1087 2751 metam
1108 2685 1252 2750 fereban-

107 2798 157 2856 tur
179 2795 276 2873 atque
297 2790 331 2854 in
354 2789 513 2874 spatiosos
535 2788 628 2855 orbes
659 2789 857 2855 exerrahant.
901 2789 972 2856 Hoc
993 2789 1079 2874 apud
1102 2787 1252 2866 Quintum

108 2893 316 2978 Smyrnaeum
333 2892 391 2973 (IV
406 2894 467 2957 563
479 2887 563 2975 sqq.)
587 2890 793 2957 Stheneleum
816 2911 885 2956 cum
908 2891 1007 2958 nobili
1030 2910 1087 2957 suo
1102 2890 1159 2956 sed
1181 2890 1252 2955 rudi

107 3014 188 3077 equo
210 2995 277 3078 pati
299 2993 449 3078 legimus:

190 3118 246 3178 καί
268 3110 304 3178 νύ
327 3136 381 3177 κεν
405 3110 591 3194 ἐσσυμένως
614 3110 649 3188 ἐξ
664 3106 802 3196 ’Ἁργεος
825 3111 940 3188 αἰόλος
961 3111 1070 3189 ἵππος

191 3221 319 3302 νίκησεν
341 3213 431 3296 μάλα
454 3212 580 3279 πολλὸν
603 3213 800 3301 ἕῳεζομένοο
823 3214 1014 3294 Σθενέλοιο,

191 3314 285 3401 εἰμὴ
311 3309 365 3400 ἄρ’
392 3314 596 3400 ἐξήρπαξε
618 3314 786 3402 δρόμον,
810 3315 928 3382 πεδίον
952 3313 985 3381 δ’
1010 3310 1151 3403 ἀφίκανε

193 3547 216 3608 1)
234 3541 323 3596 Schol.
343 3538 443 3594 Townl.
464 3542 525 3592 351:
551 3539 578 3595 εἰ
600 3538 629 3595 δὲ
647 3538 722 3609 λέγει
742 3532 821 3600 τᾶλλ’
840 3530 890 3596 ὅτε
908 3535 939 3610 δὴ
958 3534 1103 3607 πύματον“
1124 3543 1182 3594 τῶν
1200 3534 1249 3594 δύο

109 3625 159 3686 τὸν
175 3621 298 3698 ἔσχατόν
314 3643 405 3696 φησιν.

191 3717 215 3766 rt
234 3711 322 3765 Schol.
343 3711 410 3766 Ven.
429 3711 452 3763 B
470 3714 533 3764 353:
558 3701 593 3782 ἦν
615 3710 645 3767 δὲ
664 3703 679 3765 ὃ
706 3706 813 3780 δρόμος
832 3704 866 3766 οὐ
884 3702 1006 3781 δόλιχος.
1040 3707 1202 3778 κάμπτουσι
1220 3712 1249 3768 δὲ

111 3794 239 3869 ὀλιγάκις.
275 3792 329 3852 ἔδει
347 3797 376 3852 δὲ
394 3793 531 3860 πολλάκις
549 3791 619 3851 εἶναι
644 3791 697 3850 τὸν
718 3797 881 3868 καμπτῆρα.
917 3797 1028 3860 δίαυλος
1052 3787 1103 3850 οὖν
1120 3793 1180 3851 ἐστὶ
1197 3817 1249 3864 μα-

109 3879 262 3953 κρότατος·
281 3878 323 3937 διὸ
342 3885 391 3938 καὶ
409 3876 520 3945 σκοπὸς
536 3877 659 3951 κάθηται
679 3885 779 3946 Φοῖνιξ
794 3885 842 3936 καὶ
859 3882 988 3952 σημαίνει
1006 3877 1040 3937 τὸ
1060 3882 1149 3954 τέρμα
1168 3879 1248 3954 τηλό-

110 3977 180 4035 3εν,-
195 3965 232 4039 μή
254 3965 315 4033 πώς
333 3987 374 4031 τις
392 3961 475 4031 ἐντὸς
492 3969 543 4021 τοῦ
559 3970 728 4037 καμπτῆρος
749 3961 861 4036 κάμψῃ·
886 3955 965 4030 ἅπαξ
983 3961 1039 4038 γὰρ
1058 3961 1185 4036 ὁρῶνται
1202 3967 1248 4025 ἐπὶ

111 4059 159 4111 τοῦ
176 4054 305 4125 αἰγιαλοῦ
321 4055 370 4107 καί
388 4042 467 4117 ἅπαξ
482 4055 674 4120 φιλονεικοῦσι
692 4055 757 4124 περὶ
776 4046 879 4108 αὐτῶν.

190 4145 214 4206 3)
232 4138 287 4194 Gir.
307 4136 507 4192 Friedlaenderi
523 4136 653 4191 historiae
670 4153 774 4191 morum
792 4136 974 4192 Romanorum
992 4137 1043 4192 vol.
1057 4138 1091 4193 H.
1111 4157 1138 4210 p.
1149 4143 1245 4210 295sq.
