3072 5012
481 374 514 426 A.
543 372 594 426 DE
612 371 849 428 GAROERIBUS.
1203 375 1242 434 57

179 545 236 610 His
265 545 450 628 praemissis
479 547 682 613 lineamentis
712 547 807 612 venio
836 545 880 612 ad
908 548 995 629 ipsos
1025 567 1244 614 carceres

99 666 264 729 eorumque
285 666 377 713 nsum
399 646 628 713 describendos
650 651 691 724 (v.
704 649 770 713 tab.
782 648 836 725 Il).
873 649 1024 714 Habebat
1044 650 1197 733 oppidum
1214 649 1242 716 0

98 771 117 814 a
134 749 263 816 Gleoeta
281 749 444 816 conditum
459 750 594 815 formam
616 768 740 833 prorae,
765 750 854 816 cuius
869 757 1004 816 rostrum
1020 752 1048 816 R
1064 754 1096 816 in
1111 772 1242 818 arenam

97 853 268 935 spectabat,
290 853 378 919 basis
396 851 450 917 SD
472 854 514 918 ad
536 853 693 936 porticum
710 853 851 935 Agnapti
869 852 896 916 P
916 853 1089 919 adiacebat
1110 857 1242 937 (20,10:

96 957 272 1038 παρέχεται
282 953 342 1036 μὲν
355 937 412 1018 οὖν
424 956 533 1039 σχῆμα
544 949 563 1041 ἡ
577 947 698 1039 ἄφεσις
709 950 793 1016 κατὰ
805 954 944 1038 πρῷραν
956 953 1046 1033 νεώς,
1056 958 1243 1040 τέτραπται

98 1054 132 1120 δὲ
153 1049 250 1143 αὐτῆς
272 1053 310 1120 τὸ
335 1053 476 1138 ἔμβολον
499 1053 533 1131 ἐς
554 1055 612 1120 τὸν
627 1053 761 1139 δρόμον.
796 1053 922 1122 καθότι
944 1055 980 1122 δὲ
999 1059 1040 1144 τῇ
1054 1050 1241 1142 Ἀγνάπτου

97 1160 177 1245 στοᾷ
202 1156 367 1245 προσεχής
395 1155 485 1223 ἐστιν
507 1152 526 1245 ἡ
550 1159 686 1242 πρῷρα,
715 1154 800 1221 κατὰ
821 1159 919 1222 τοῦτο
943 1151 1053 1243 εὐρεῖα
1074 1163 1241 1243 plescum)
1318 1174 1323 1183 '

95 1259 182 1326 Haec
201 1262 290 1328 basis
313 1261 405 1327 cunei
428 1266 582 1343 quantum
604 1261 790 1343 obtinuerit,
814 1260 985 1344 Periegeta
1006 1283 1069 1329 non
1090 1262 1184 1345 dicit,
1206 1268 1243 1329 ut

95 1370 243 1446 qnantum
265 1364 419 1442 cuiusque
441 1362 618 1429 sententiae
642 1363 761 1445 optime
784 1364 962 1448 conveniat,
987 1370 1109 1429 tantum
1125 1370 1241 1447 sumat,

94 1485 153 1531 nec
173 1472 248 1550 puto
270 1466 398 1532 omnino
421 1461 528 1530 dicere
551 1483 624 1530 eum
647 1464 807 1546 debuisse,
831 1465 907 1546 quia
929 1466 1061 1530 cuilibet
1082 1466 1183 1532 libere
1201 1487 1241 1532 ac

95 1569 276 1652 simpliciter
304 1587 371 1633 rem
399 1565 615 1631 consideranti
644 1585 789 1632 carceres
811 1567 841 1633 ei
871 1574 993 1632 tantum
1015 1569 1100 1650 parti
1122 1588 1240 1634 arenae

93 1671 269 1737 obiacuisse
298 1674 448 1752 apparet,
477 1669 509 1732 in
533 1688 630 1750 quam
658 1669 733 1750 equi
760 1669 967 1733 mittebantur
988 1667 1020 1734 h.
1044 1689 1071 1735 e.
1095 1669 1240 1735 dextrae.

92 1773 140 1837 Ac
160 1792 197 1838 ne
212 1772 369 1855 porticum
388 1770 517 1853 quidem
533 1776 632 1835 totam
649 1789 779 1834 arenam
795 1776 878 1835 retro
894 1771 1065 1838 occlusisse
1081 1773 1239 1857 existimo,

92 1893 198 1939 rerum
221 1879 256 1938 nt
282 1871 435 1957 oppidum
465 1872 611 1937 dextram
640 1879 762 1938 tantum
790 1880 924 1956 partem.
967 1874 1083 1956 Itaque
1111 1875 1241 1941 sinistra

93 1996 186 2040 arena
208 1977 286 2041 satis
307 1976 405 2058 longa
424 1980 508 2056 erat,
532 1980 566 2038 ut
587 1975 661 2056 equi
684 1974 870 2040 citatissimo
893 1995 986 2040 cursu
1008 1978 1130 2043 calcem
1153 1997 1239 2044 asse·

93 2079 152 2142 cuti
173 2096 236 2142 non
251 2084 383 2160 repente
397 2077 552 2142 deberent
566 2075 750 2157 consistere,
773 2076 807 2140 id
823 2077 909 2158 quod
925 2078 1052 2143 omnino
1067 2085 1239 2163 nequeunt,

93 2179 145 2244 sed
174 2178 342 2245 commode
371 2178 568 2243 celeritatem
596 2175 827 2260 pedetemptim
856 2181 1071 2245 comminuere
1098 2187 1238 2262 possent.

92 2279 285 2346 Videmusne
320 2286 355 2344 ut
392 2281 426 2344 iu
460 2279 575 2344 nostris
606 2280 831 2346 certaminibus
861 2280 935 2362 equi
966 2287 1053 2346 creta
1081 2278 1238 2364 (‘Sieges-
1344 2287 1349 2299 “

93 2374 241 2464 plosteu')
266 2387 416 2465 superata
438 2381 597 2447 decimam
619 2401 716 2464 saepe
732 2382 784 2445 vel
808 2387 954 2446 octavam
976 2383 1072 2448 totius
1088 2383 1239 2449 curriculi

92 2491 210 2566 partem
231 2489 435 2567 percurrant,
464 2490 636 2565 antequam
657 2484 698 2548 ab
730 2482 890 2565 equitibus
919 2484 1067 2550 sustineri
1095 2485 1238 2566 queant?

93 2585 124 2649 Si
146 2583 207 2651 hoc
237 2586 397 2669 equitibus
427 2585 560 2665 accidit,
591 2585 709 2668 quippe
737 2585 793 2667 qui
822 2591 854 2650 et
881 2584 979 2651 frenis
1007 2593 1040 2650 et
1065 2584 1238 2652 femoribus

93 2707 242 2770 equorum
264 2689 330 2752 vim
353 2692 535 2770 coerceant,
565 2694 684 2768 quanto
712 2687 851 2769 amplius
880 2688 1018 2769 spatium
1046 2688 1166 2771 aurigis
1194 2688 1238 2753 ad

93 2795 235 2871 quattuor
258 2808 410 2871 equorum
432 2789 579 2870 rapidum
603 2807 729 2853 cursum
752 2796 784 2853 et
805 2809 915 2855 currus
932 2789 1155 2872 subsequentis
1170 2792 1237 2856 vim

92 2891 164 2958 solis
192 2891 290 2957 frenis
319 2889 526 2956 inhibendam
554 2910 634 2973 opus
663 2891 761 2957 luisse
789 2890 997 2973 putabimus?
1040 2892 1113 2958 Non
1140 2893 1238 2976 igitur

91 2991 168 3058 mihi
188 3012 319 3077 possum
340 2992 534 3074 persuadere
555 2992 718 3058 Oleoetam
742 2992 876 3059 artificio
898 3013 955 3058 suo
978 2999 1143 3076 tantopere
1165 2995 1237 3060 usui

92 3093 248 3178 obfuisse,
269 3100 304 3158 ut
326 3095 485 3160 sinistram
509 3113 637 3159 arenam
661 3093 789 3160 sinistra
810 3100 866 3159 aut
888 3095 998 3177 oppidi
1021 3103 1076 3160 aut
1096 3095 1236 3176 porticus

91 3197 142 3261 ala
162 3193 370 3261 contraheret.

173 3296 334 3381 Oppidum
356 3317 433 3363 vero
461 3316 524 3362 non
553 3302 641 3361 recta
667 3297 798 3379 regione
826 3297 861 3362 in
888 3297 1034 3362 dextram
1063 3318 1194 3365 arenam
1215 3321 1237 3366 a

90 3401 209 3482 porticu
231 3399 442 3481 prominuisse
465 3397 571 3479 eredo,
595 3397 652 3464 sed
675 3398 806 3480 obliqua
820 3399 875 3480 ita,
901 3405 936 3463 ut
958 3406 1100 3465 rostrum
1115 3401 1159 3467 ad
1180 3422 1235 3469 ex·

175 3620 198 3680 l)
216 3615 278 3670 Non
295 3615 429 3670 assentior
447 3614 602 3670 Godolredo
620 3615 775 3670 Hermanno
795 3632 845 3684 pro
863 3617 972 3687 γίνεται
991 3617 1141 3684 perfectum
1157 3618 1235 3689 γεγέ-

92 3719 169 3771 squar
185 3701 335 3768 postulanti
352 3704 390 3770 (p.
404 3705 438 3765 6).
468 3699 538 3754 Nam
556 3706 587 3755 ut
604 3701 725 3754 omittam
737 3701 890 3754 Pausaniae
907 3715 992 3766 genus
1010 3700 1115 3754 dicendi
1133 3718 1187 3755 uon
1199 3703 1235 3756 ad

90 3783 196 3839 eandem
220 3799 341 3838 normam
363 3784 536 3850 derigendum
563 3799 623 3839 esse
648 3792 730 3853 atque
753 3784 975 3839 Demosthenium
999 3784 1041 3837 rel
1064 3785 1233 3852 Isocratium,

90 3884 215 3939 praesens
232 3870 341 3940 γίνεται
358 3868 492 3936 significat
508 3885 563 3924 non
582 3869 672 3923 subito
690 3885 777 3938 prope
797 3870 943 3938 porticum,
967 3868 1014 3922 sed
1031 3867 1093 3922 inde
1110 3886 1128 3923 a
1144 3879 1234 3926 rostro

90 3953 225 4023 paullatim
238 3953 350 4021 paribus
363 3954 497 4021 utrimque
509 3953 656 4007 intervallis
669 3955 726 4008 alas
740 3969 836 4022 prorae
849 3953 884 4007 ad
902 3953 1036 4022 porticum
1054 3968 1146 4008 versus
1164 3955 1234 4010 inter

90 4055 119 4093 se
137 4038 283 4104 discedere,
307 4038 385 4107 quasi
403 4037 503 4092 dictum
521 4039 568 4092 sit:
589 4030 665 4091 ‘dum
682 4054 765 4106 prora
788 4039 824 4093 ad
845 4040 979 4109 porticum
997 4039 1116 4106 Agnapti
1133 4053 1233 4108 appro-

20 4159 21 4166 ,
88 4123 204 4192 pinquat,
222 4123 303 4177 latior
319 4116 385 4176 lit'.
