3072 5012
285 310 348 368 104
583 307 613 362 0,
640 307 690 362 DE
707 305 894 362 MENSURIS
912 302 1135 374 QUIBUSDAM.

284 491 318 550 et
337 483 371 549 in
390 481 484 550 Girsu
499 481 668 560 Μαιιὶιιιοῐ)
690 485 924 566 percurruntur,
947 477 1060 562 spatiis
1082 479 1305 554 (4000-5000
1320 479 1360 548 ιιι)
1383 477 1428 541 ui·

284 586 385 650 mium
406 582 534 649 videtur
561 601 633 649 esse
656 581 743 662 (adn.
759 583 829 666 42),
858 587 967 647 tamen
994 598 1057 645 uno
1085 584 1171 646 certe
1194 577 1323 654 Pindari
1345 579 1428 644 testi

285 687 392 754 monio
414 690 548 768 constat,
571 683 684 752 01.111
701 687 756 750 33:

369 817 452 886 τόθι
474 815 611 899 δένδρεα
632 814 805 900 θάμβαινε
827 818 982 892 σταθείς·

369 923 436 986 ταῖν
464 945 514 986 νιν
540 916 657 1004 γλυκὺς
683 917 799 1004 ἵμερος
827 916 919 1000 ’ἐοχεν
940 914 1348 1001 δωδεκάγναμπτον

835 1019 933 1103 περὶ
955 1023 1083 1103 τέρμα
1105 1017 1230 1103 δρόμου

368 1107 488 1175 ἵππιον
511 1107 684 1193 φυτεῦσαι.

369 1244 496 1310 Etenim
508 1244 535 1310 si
548 1243 619 1326 quis
631 1239 803 1309 contendat
813 1241 985 1324 singularis
996 1241 1101 1323 τέρμα
1118 1237 1170 1305 bic
1181 1259 1239 1322 pro
1251 1237 1369 1322 plurali
1380 1237 1432 1301 vel

285 1347 374 1412 duali
388 1345 515 1429 poetice
530 1344 651 1410 dictum
667 1361 748 1425 esse,
771 1343 799 1408 is
814 1343 931 1409 calculi
945 1361 1052 1410 errore
1069 1341 1204 1425 ducitur,
1229 1341 1306 1423 quia
1320 1339 1430 1406 ambae

285 1454 399 1529 metae,
422 1448 451 1514 si
465 1447 573 1514 sexies
587 1445 853 1529 circumcurritur,
871 1465 935 1510 uon
950 1443 1133 1526 duodecies,
1156 1463 1268 1509 verum
1282 1441 1430 1509 undecies

285 1546 587 1630 circumflectuntur,
617 1545 756 1612 exterior
788 1531 911 1631 sexies,
941 1545 1072 1612 interior
1100 1545 1269 1628 quinquies
1302 1550 1430 1626 tuntum

285 1651 362 1733 quia
384 1648 466 1716 haec
487 1650 521 1714 iu
543 1653 687 1714 extremo
709 1667 804 1714 cursu
825 1668 889 1714 uon
914 1647 1185 1731 circumcurrunt,
1215 1646 1273 1714 sed
1295 1653 1431 1731 praeter·

285 1751 428 1817 curritur.
467 1751 552 1834 Ergo
567 1745 888 1833 δυωδεκάγναμπτον
902 1751 1008 1831 τέρμα
1022 1747 1104 1814 nihil
1125 1748 1215 1814 aliud
1236 1755 1344 1833 potest
1364 1767 1431 1815 esse

285 1874 382 1937 quam
411 1853 550 1920 exterior
578 1857 665 1918 mata
697 1850 872 1918 duodecies
905 1847 1126 1934 circumflexa,
1156 1870 1253 1933 quam
1280 1851 1430 1919 Hercules

284 1955 452 2022 arboribus
475 1953 673 2021 circumdare
696 1952 869 2035 desiderat,
892 1952 977 2018 unde
993 1949 1129 2018 allicitur
1144 1955 1337 2019 curriculum
1359 1973 1431 2038 quo

285 2077 348 2141 que
378 2064 478 2124 totum
505 2055 680 2123 duodecies
707 2056 886 2121 contectum
914 2073 995 2121 esse.
1046 2051 1197 2121 Concedo
1225 2075 1433 2140 permagnum

285 2160 422 2243 spatium
450 2175 536 2225 esse:
568 2157 634 2223 noli
662 2176 740 2222 vero
770 2155 917 2222 oblivisci
950 2175 1050 2239 equos
1083 2162 1206 2221 tantum
1236 2158 1432 2240 praestitisse

285 2259 471 2346 Olympiaci
515 2258 606 2325 ldem
634 2264 790 2325 testantur
810 2257 869 2323 alii
890 2255 1023 2322 Pindari
1051 2256 1130 2339 loci,
1160 2261 1309 2341 quamvis
1332 2261 1432 2326 miuus

285 2365 478 2443 luculenter,
507 2361 584 2443 quia
610 2381 724 2427 vocem
747 2357 870 2442 δρόμος
898 2379 962 2425 non
985 2359 1027 2425 de
1051 2359 1176 2442 integro
1198 2361 1351 2445 circuitu,
1379 2361 1433 2428 sed

286 2465 326 2531 de
349 2465 453 2547 spatio
475 2463 517 2528 ab
539 2482 604 2528 una
624 2461 666 2529 ad
689 2462 824 2528 alteram
846 2467 965 2527 metam
987 2461 1141 2542 confecto,
1165 2460 1200 2527 id
1215 2469 1265 2528 est
1278 2462 1320 2529 de
1345 2463 1432 2530 dimi·

285 2566 339 2633 dio
361 2566 504 2646 circuitu,
525 2564 720 2630 intellexerit
740 2565 899 2648 quispiam
911 2565 951 2638 ²):

373 2770 396 2830 t)
419 2762 495 2831 Quae
518 2761 666 2832 Dionysius
690 2763 718 2816 iu
735 2763 846 2831 Autiqu.
865 2761 942 2816 Rom.
962 2760 979 2816 l.
998 2760 1049 2816 Ill.
1073 2779 1098 2816 c.
1116 2766 1149 2818 68
1168 2765 1201 2816 de
1219 2763 1299 2820 Circo
1317 2766 1431 2822 Maximo

285 2853 427 2906 memorat:
447 2851 567 2920 ,Μῆκος
583 2845 636 2916 μὲν
653 2840 711 2919 γὰρ
729 2851 782 2904 τοῦ
798 2843 982 2915 ἱπποδρόμου
993 2849 1083 2920 τριῶν
1096 2850 1145 2904 καὶ
1155 2843 1276 2920 ἡμίσους
1292 2847 1354 2907 ἐστὶ
1370 2871 1431 2908 οτα-

284 2938 366 3001 δίαν,
385 2925 469 3008 εὖρος
486 2932 516 2989 δὲ
539 2927 686 3004 τεττάρων
703 2936 871 3004 aucupum,
894 2947 949 2987 non
967 2931 1001 2986 de
1018 2931 1126 3001 spinae,
1151 2932 1198 2988 sed
1219 2934 1253 2988 de
1269 2935 1353 2989 totius
1370 2936 1431 2990 circi

284 3019 449 3089 lonp'tudine
457 3017 636 3084 intellegenda
645 3023 718 3071 sunt.
737 3017 780 3070 Ab
790 3017 842 3072 hoc
851 3014 1099 3085 discrepatPlluius
1107 3017 1206 3074 inNat.
1213 3018 1277 3073 hist.
1285 3019 1431 3078 LXXXVI.

285 3122 308 3159 c.
323 3109 370 3160 at:
384 3099 429 3159 ‘ut
441 3103 542 3158 circum
554 3117 709 3156 maxumum
720 3117 737 3155 a
749 3102 865 3156 Caesare
876 3103 1009 3157 dictatore
1022 3105 1190 3157 exstructum
1202 3103 1368 3171 longitudine
1379 3110 1431 3160 sta-

285 3191 390 3244 diorum
408 3190 497 3254 trium,
515 3187 659 3243 latitudine
670 3186 760 3252 unius,
779 3185 827 3240 sed
839 3203 901 3240 cunr
913 3185 1043 3241 aedificiis
1059 3187 1181 3256 iugerum
1199 3193 1369 3256 quaternum,
1386 3192 1431 3246 sed

286 3274 381 3328 sedum
399 3272 466 3326 CCL
484 3273 555 3325 iuter
572 3286 668 3340 magna
686 3285 769 3340 opera
786 3263 929 3326 dicamus’.

372 3376 397 3438 2)
416 3372 471 3426 Cir.
484 3372 638 3428 Delaborde
650 3371 807 3427 Parimeuto
824 3389 852 3442 p.
866 3377 898 3428 68
911 3389 965 3441 sq.:
980 3368 1118 3443 ‘Despues
1136 3373 1170 3430 de
1187 3375 1273 3430 haber
1288 3377 1388 3445 pasado
1405 3377 1430 3432 la

284 3462 356 3514 meta
379 3456 492 3510 asaban
515 3456 654 3524 obligados
678 3457 696 3510 b
721 3457 844 3512 recorrer
862 3458 887 3514 el
909 3459 1132 3526 mismoerpacio
1151 3459 1352 3530 solotenus,
1372 3464 1430 3532 yla

285 3544 376 3614 palma
393 3542 420 3595 la
437 3539 563 3609 ganaban
582 3541 609 3596 ul
626 3539 664 3595 fin
678 3543 711 3596 de
723 3543 750 3595 lu
768 3545 867 3597 sexta
884 3542 1011 3598 vuelta.
1038 3543 1157 3598 Pindaro
1168 3559 1268 3613 parece
1279 3562 1332 3615 que
1344 3547 1429 3614 quiere

284 3628 334 3682 dar
352 3629 369 3682 a
386 3622 517 3681 antander
535 3641 586 3694 que
603 3625 693 3680 daban
711 3625 778 3681 doce
794 3627 915 3696 νοτιτιις
939 3627 965 3681 lo
984 3627 1049 3694 qual
1065 3644 1100 3683 no
1118 3643 1148 3684 es
1167 3632 1314 3695 verosimil‚
1332 3646 1429 3701 parque

284 3727 319 3766 eu
337 3711 361 3764 el
379 3710 458 3765 circo
483 3711 571 3766 donde
587 3712 615 3765 la
634 3726 741 3766 carrera
762 3727 798 3766 nc
816 3727 863 3766 era
879 3727 937 3768 mas
955 3726 1008 3780 que
1026 3713 1059 3768 de
1085 3713 1153 3768 sieta
1170 3715 1287 3782 ruallus,
1311 3716 1428 3785 llegaban

284 3797 402 3850 broces
426 3800 473 3849 tau
495 3795 629 3864 tatigudos
653 3812 705 3864 qne
726 3796 753 3850 el
776 3797 904 3852 comedar
925 3796 1060 3853 concedar
1082 3813 1112 3853 se
1134 3802 1239 3869 paraba
1262 3815 1341 3855 cerea
1356 3802 1387 3855 de
1401 3804 1428 3856 la

283 3881 370 3946 unsa,
391 3895 495 3949 perque
518 3897 553 3934 no
575 3879 660 3949 podia
676 3881 701 3934 ir
717 3897 776 3936 mas
793 3882 931 3948 adelante,
955 3883 972 3936 a
989 3882 1016 3938 lo
1039 3884 1103 3951 qual
1120 3884 1257 3940 llamabau
1270 3878 1375 3940 ‘hieran
1389 3886 1427 3940 ta-

284 3958 367 4020 cere’.
402 3965 444 4020 Lo
462 3979 520 4018 mas
538 3965 669 4034 probable
687 3979 715 4018 es
733 3979 786 4032 que
807 3966 919 4022 hubiese
937 3967 985 4021 dor
1009 3973 1094 4023 metus
1113 3983 1189 4024 como
1209 3985 1243 4024 eu
1260 3970 1285 4024 el
1304 3970 1391 4035 Circo,
1409 3989 1427 4041 y

284 4065 337 4119 que
353 4065 405 4119 por
422 4049 461 4103 las
480 4046 546 4103 doce
564 4049 675 4117 vaslius,
693 4051 947 4120 δοδεκαγναμπτον
959 4052 1025 4117 [sic]‚
1044 4052 1161 4110 Pindaro
1174 4055 1210 4109 ha
1225 4056 1336 4124 queridc
1353 4056 1427 4126 sigui·
