3072 5012
500 397 530 452 B.
559 397 609 450 DE
627 395 848 452 TARAXIPPO.
1207 393 1247 450 95

67 569 272 636 tollendam
294 570 565 652 perturbationem
582 571 686 653 primo
702 569 864 636 destinata
878 575 955 635 erat.
989 569 1110 634 Postea
1130 573 1248 650 autem,

69 691 162 736 cnm
194 673 353 737 memoria
381 671 475 738 huius
504 673 551 738 rei
573 674 638 738 iam
660 673 873 754 abolevisset,
902 691 1002 736 causa
1024 689 1094 736 esse
1118 671 1248 735 calami·

69 777 195 838 tatum
219 774 475 840 existimabatur.
513 773 580 840 Sed
603 775 680 858 quia
701 775 879 856 simplicem
903 773 1063 838 cumulum
1085 778 1134 837 tot
1154 792 1249 837 casus

70 873 223 940 efficere
252 894 293 940 ne
315 875 379 958 ipsi
408 875 538 959 quidem
566 877 627 941 sibi
648 875 845 960 persuadere
870 881 1042 958 poterant,
1063 874 1249 939 interiorem

71 996 227 1042 causam
257 982 448 1060 quaerentes
476 977 519 1043 ad
546 979 703 1044 invidiam
733 977 900 1043 cuiusdam
930 976 1037 1042 herois
1058 976 1249 1060 referebant,

71 1098 144 1161 pro
179 1080 274 1144 cuins
302 1080 450 1163 sepulcro
479 1080 532 1145 vel
561 1079 754 1163 cenotaphio
783 1100 872 1144 aram
901 1087 1060 1144 terrenam
1083 1079 1249 1162 putabant.

73 1179 209 1264 Neque
234 1181 320 1245 enim
342 1181 398 1246 ille
421 1182 575 1266 daemon,
598 1184 726 1250 nomine
749 1182 963 1264 Taraxippus,
990 1183 1037 1246 eis
1059 1180 1250 1262 suflicIebat,

75 1283 170 1364 qnia
194 1302 261 1347 non
284 1282 441 1367 habebat,
471 1285 558 1367 quod
587 1304 686 1367 equos
713 1289 915 1367 perterreret.
959 1282 1054 1348 Hunc
1075 1283 1173 1365 igitur
1194 1302 1250 1347 ex·

76 1386 240 1469 cipiebat
260 1383 437 1467 βάσκανος,
461 1388 515 1469 qui
538 1406 638 1468 equos
653 1388 863 1463 fascinaret.¹)
897 1384 1057 1463 Quoniam
1076 1391 1163 1450 certa
1184 1404 1250 1449 rne-

76 1488 199 1553 moria
221 1507 287 1553 non
308 1487 526 1570 tradebantur,
548 1489 668 1554 factum
692 1495 749 1571 est,
772 1495 808 1554 ut
828 1489 943 1554 sedula
964 1488 1171 1553 fabulositate
1193 1487 1252 1551 alii

77 1589 196 1654 alium
226 1588 383 1654 fascinum
412 1590 648 1655 constituerent.
693 1591 871 1657 Pausanias
897 1591 1039 1673 quinque
1067 1589 1162 1654 affert
1189 1587 1252 1654 hoo

78 1691 227 1756 vinculo
250 1690 333 1755 inter
358 1711 393 1758 se
419 1693 620 1774 coniunctos,
647 1700 682 1758 ut
708 1713 816 1759 omnes
842 1693 885 1758 ad
912 1693 1063 1758 Eleorum
1086 1691 1253 1758 historiam

79 1793 288 1876 pertineant.
334 1793 466 1859 Praeter
488 1794 549 1859 hoc
572 1814 730 1876 quaenam
752 1796 835 1860 ratio
859 1796 942 1859 inter
965 1814 1036 1876 eos,
1068 1795 1123 1876 qni
1145 1795 1252 1876 priore

81 1896 167 1960 loeo
191 1895 349 1960 nominati
371 1903 460 1978 sunt,
489 1904 521 1962 et
546 1896 792 1979 hippodromum
815 1896 1042 1979 Olympiacam
1064 1896 1252 1978 intercedat,

84 1998 161 2062 iam
184 2017 251 2061 non
274 1996 351 2062 licet
370 1999 520 2081 perspici.
554 1999 637 2062 Nam
659 1999 700 2062 de
717 1997 831 2064 Olenio
849 1998 931 2062 nihil
953 1999 1167 2080 comperimus
1189 1999 1253 2063 nisi

84 2099 197 2164 fuisse
222 2118 295 2163 eum
318 2091 450 2181 ἀγαθὸν
471 2096 513 2163 τά
538 2097 571 2175 ἰς
595 2097 746 2186 ἱππικήν,
770 2098 857 2182 qnod
880 2101 936 2182 qui
952 2120 1052 2165 causa
1067 2119 1138 2165 esse
1160 2106 1252 2182 potu·

87 2206 175 2283 erit,
207 2199 296 2282 qnod
319 2220 419 2283 equos
441 2202 630 2284 fascinaret,
658 2222 722 2267 non
737 2202 950 2283 intellegitur.
995 2202 1153 2267 Dameoni
1176 2222 1253 2267 vero

87 2321 161 2366 una
183 2321 258 2368 cnm
280 2322 365 2384 equo
389 2323 445 2368 sno
469 2323 490 2368 a
511 2303 623 2370 Cteato
646 2304 811 2370 interfecto
834 2323 992 2385 quaenam
1016 2324 1067 2369 res
1090 2312 1159 2369 erat
1180 2324 1254 2370 oum

90 2403 339 2487 hippodromo?
383 2405 486 2470 Aliter
514 2425 564 2470 res
593 2426 628 2470 se
656 2405 755 2471 habet
782 2405 823 2471 de
853 2406 1074 2488 sequentibus:
1105 2406 1139 2470 hi
1169 2407 1254 2472 enim

91 2527 171 2571 cum
202 2504 417 2588 hippodromo
446 2507 586 2590 quadam
615 2515 701 2572 certe
729 2509 853 2574 ratione
876 2507 1094 2575 cohaerebant
1123 2515 1156 2574 et
1176 2529 1253 2590 qno·

93 2607 198 2673 modo
220 2600 385 2688 βάσκανοι
406 2609 477 2675 fieri
499 2611 669 2693 potuerint,
691 2610 787 2676 facile
810 2612 1011 2695 perspicitur.
1050 2611 1101 2678 De
1123 2613 1254 2696 Myrtilo

93 2714 154 2777 cfr.
172 2709 269 2776 Phot.
285 2710 363 2775 bibl.
381 2714 441 2775 190
459 2713 500 2794 (p.
519 2717 588 2792 150,
606 2714 653 2793 4),
676 2711 717 2778 de
738 2714 908 2795 Alcathoo,
932 2714 1072 2781 secundo
1088 2716 1255 2799 Hippoda-

93 2816 185 2880 miae
208 2832 307 2895 proco
328 2813 436 2888 (Paos.
454 2814 507 2878 VI.
529 2834 556 2879 c.
573 2814 654 2878 XXI
671 2819 721 2886 10)
746 2835 817 2881 cnm
832 2817 955 2901 Pelope
970 2817 1102 2883 confuso
1123 2816 1160 2883 0.
1177 2817 1255 2882 Oru-

95 2919 184 2982 sium
214 2916 249 2979 in
276 2915 381 2979 Musei
402 2914 550 2981 Rhenani
571 2917 635 2981 vol.
657 2918 774 2982 XLIII.
796 2938 827 3001 p.
851 2922 923 2983 628.
970 2917 1153 3003 Hesychius
1174 2938 1200 2984 s.
1224 2939 1255 2983 v.

100 3013 332 3100 Ταράξιππος
354 3017 508 3099 Pelopem
537 3018 640 3099 ipsum
670 3039 797 3101 qnoque
819 3041 877 3102 pro
899 3021 1087 3103 TaraxIppo
1110 3019 1256 3085 habitum

97 3139 173 3186 esse
196 3117 305 3184 tradit.
340 3117 420 3183 Mihi
443 3119 573 3200 quidem
595 3118 792 3185 Oenomaum
814 3122 1053 3186 fascinatorium
1076 3122 1176 3188 fuisse
1199 3136 1255 3205 op·

96 3223 179 3286 time
194 3221 350 3304 placeret,
373 3221 428 3302 qui
443 3222 512 3302 ipse
528 3221 561 3283 in
576 3223 749 3286 certamine
765 3222 911 3288 devictus
929 3230 962 3288 et
976 3230 1118 3288 mortuns
1133 3243 1257 3290 summo

98 3323 173 3387 iure
196 3321 272 3386 aliis
295 3342 368 3387 oum
390 3322 515 3386 laetitia
536 3342 575 3386 ac
597 3322 751 3387 felicitate
780 3324 894 3389 eodem
919 3326 991 3390 loco
1014 3325 1257 3394 decurrentibus

102 3423 277 3505 Invideret,
293 3424 355 3488 nisi
372 3423 439 3487 eius
455 3423 634 3504 sepulcrum
646 3425 724 3490 alibi
736 3426 836 3492 fuisse
848 3428 1025 3494 Pausanias
1038 3430 1071 3493 in
1082 3448 1154 3512 cap
1166 3430 1256 3494 XXI.

101 3529 159 3600 §3
180 3529 342 3589 narraret:
365 3521 564 3604 Διαβάντων
588 3523 623 3588 δὲ
645 3521 703 3588 τὸν
725 3525 876 3592 Κλάδεον
898 3527 1007 3614 τάφος
1028 3553 1065 3594 τε
1088 3523 1258 3611 Οἰνομάου

103 3627 164 3712 γῆς
184 3628 283 3706 χιῦμα
306 3624 639 3712 περιῳκοδομημένον
662 3629 776 3702 λάθοις
799 3627 886 3707 ἐστὶ,
909 3633 964 3694 καὶ
986 3626 1071 3711 ὑπὲρ
1094 3634 1154 3696 τοῦ
1175 3629 1258 3716 μνή-

103 3751 213 3810 ματος
237 3725 371 3810 ἰρείπια
394 3725 666 3812 οἰκοδομημάτων
689 3726 775 3792 ’ἔνθα
796 3732 844 3813 aqi
868 3730 1027 3816 Οἰνομάῳ
1049 3730 1110 3807 τὰς
1130 3731 1260 3809 ἵππους

104 3895 185 3950 nicht
201 3895 349 3948 hinbanen.
379 3893 418 3945 Im
431 3893 588 3958 Gegentheil
597 3899 671 3967 ubre
683 3894 747 3949 eher
758 3898 951 3964 anaunehmen,
970 3899 1033 3953 dass
1045 3913 1108 3952 man
1125 3913 1162 3962 es,
1182 3915 1259 3954 wenn

104 3980 203 4034 frilher
220 3978 386 4042 verbanden,
404 3977 448 4030 bei
465 3977 606 4044 Anlegung
623 3977 670 4031 der
686 3979 765 4032 Bahn
783 3997 838 4035 von
856 3982 917 4035 dort
934 3982 1053 4037 entfernt
1070 3977 1161 4037 hatte?

197 4070 221 4130 1)
240 4063 283 4116 Dc
299 4061 480 4115 fascinatione
497 4061 545 4116 cfr.
565 4061 595 4115 0.
608 4062 731 4117 Iahnium
748 4064 776 4118 in
786 4065 856 4120 Rell.
870 4067 934 4123 San.
947 4067 1015 4122 liter.
1029 4068 1121 4122 societ.
1134 4068 1186 4122 rol.
1199 4069 1259 4124 VII.

106 4154 185 4204 reas.
204 4165 232 4217 p.
247 4152 372 4202 28—110.
