3072 5012
279 379 320 438 60
671 380 704 434 Δ.
732 379 783 434 DE
800 379 1034 437 GARCERIBUS.

277 554 367 635 telis,
390 553 518 636 qudem
539 572 599 620 nos
620 554 830 638 restituimus,
860 553 972 638 oppidi
995 555 1188 622 constructio
1211 557 1440 624 examinando

277 661 335 740 est,
358 673 433 720 num
456 655 535 720 illud
557 661 644 722 recte
667 654 793 723 efficiet.

362 756 508 824 Vidimus
535 757 601 822 iem
627 756 660 823 iu
688 757 861 824 Homerico
893 757 1106 842 hippodromo
1139 756 1355 827 describendo
1393 762 1437 846 ei,

276 858 386 942 quiin
408 857 523 924 dextro
545 877 642 924 cornu
664 860 834 924 stationem
855 858 1005 943 heberet,
1036 859 1213 943 longiorem
1234 879 1329 942 quam
1356 863 1441 928 reli·

275 961 347 1044 quis
369 960 457 1025 viem
477 959 725 1042 percurrendum
747 961 856 1028 fnisse.
900 959 991 1040 Quae
1019 962 1172 1045 iniquitas
1201 961 1436 1030 condicionum

276 1081 347 1128 cum
371 1061 430 1143 ibi,
460 1061 514 1126 ubi
536 1061 632 1144 pauci
653 1062 754 1128 semel
775 1068 898 1128 tontum
920 1069 1022 1130 totum
1043 1063 1234 1135 curriculum
1255 1067 1436 1146 permetie-

274 1164 405 1244 bnntur,
434 1162 531 1228 focile
553 1163 771 1246 obliquatione
793 1163 878 1246 eius,
907 1183 950 1230 ox
971 1184 1035 1248 que
1063 1184 1189 1232 currere
1217 1166 1435 1252 incipiebant,

273 1266 380 1331 lineae
394 1270 628 1346 excoqueretur
641 1267 685 1348 (p.
703 1268 741 1329 15
757 1269 828 1348 ιιι),
848 1263 1030 1350 Olympiae,
1046 1267 1101 1332 ubi
1115 1265 1286 1333 duodecim
1302 1271 1376 1340 (cfr.
1394 1269 1435 1348 G)

273 1361 461 1449 plerumque
482 1366 633 1432 circuitus
655 1387 792 1450 magnae
814 1368 1010 1435 multitudini
1035 1370 1224 1436 certantium
1246 1371 1435 1454 peragendi

274 1474 379 1551 eruut,
408 1465 442 1531 id
471 1486 573 1549 genus
601 1470 751 1551 aequatio
778 1469 848 1535 ficri
876 1490 940 1535 non
969 1471 1082 1552 potuit.
1132 1469 1280 1554 Namque
1310 1472 1434 1540 dexter

272 1571 430 1654 agonista,
446 1571 536 1636 cuius
550 1570 785 1638 incommodum
800 1569 975 1637 duodecies
990 1571 1267 1655 multiplicandum
1282 1581 1363 1656 erut,
1390 1595 1431 1642 eo

272 1671 448 1756 procedere
464 1670 638 1756 debuisset,
660 1679 695 1738 ut
708 1673 795 1738 linee
816 1674 874 1738 ille
895 1673 991 1738 nimis
1013 1673 1233 1756 obliquaretnr
1255 1681 1287 1741 ct
1308 1675 1431 1744 distre·

272 1774 410 1840 heretur.
443 1774 513 1841 Nec
528 1793 605 1840 vero
620 1773 682 1842 hoo
697 1777 824 1842 omuino
840 1775 990 1841 Cleoetes
1005 1774 1179 1859 contendit,
1201 1781 1237 1842 ut
1251 1774 1430 1843 discrimen

271 1877 396 1941 viarum
418 1875 592 1942 duodecies
606 1896 664 1959 per
678 1883 779 1943 totum
794 1877 985 1943 curriculum
1000 1874 1256 1959 peragendarum
1273 1897 1430 1963 compen·

271 1984 373 2060 seret,
402 1976 547 2044 sedulio
575 1979 671 2044 modo
698 1979 894 2060 aequitatem
923 1977 1146 2044 condicionum
1175 1986 1341 2048 essecutus
1365 1988 1429 2048 est.

356 2077 475 2144 Notum
497 2084 555 2160 est,
578 2085 731 2160 quantum
753 2081 943 2146 certantium
965 2081 1154 2164 interfuerit,
1178 2087 1212 2146 ut
1231 2082 1429 2149 brevissimo

270 2181 416 2247 anfractu
438 2181 557 2246 circum
578 2186 682 2246 mctcs
703 2179 878 2248 flecterent.
915 2181 1121 2265 videmusne,
1144 2189 1179 2248 ut
1199 2183 1288 2266 opud
1302 2183 1427 2252 Home·

269 2303 339 2348 rum
361 2282 478 2349 Nestor
507 2284 604 2348 etiem
633 2289 731 2366 utque
758 2285 855 2349 etium
885 2281 946 2349 hoo
973 2281 1040 2349 filio
1062 2283 1234 2350 Antilocho
1262 2285 1428 2352 suadeat?

269 2404 307 2468 Il.
328 2403 362 2464 Ψ
374 2403 537 2468 322-24:

314 2517 352 2595 ὃς
375 2518 411 2583 δέ
431 2542 468 2584 κε
487 2516 606 2602 κέρδεα
628 2515 701 2604 εἰδῇ
723 2514 869 2583 ἐλαύνων
890 2509 1036 2605 ἥσσονας
1056 2515 1197 2598 ἵππους,

313 2619 397 2686 αἰεὶ
418 2612 532 2706 τέρμ’
558 2612 691 2704 ὁρόων
714 2623 885 2707 στρέφει
908 2617 1130 2704 έμγύθενῑ),
1154 2613 1390 2708 ούύέέλήθει,

311 2713 435 2797 ὅππως
456 2717 494 2786 τὸ
518 2722 653 2805 πρῶτον
675 2719 798 2807 τανύσῃ
820 2725 969 2805 βοέοισιν
993 2721 1119 2803 ἱμᾶσιν.
1520 2735 1521 2814 i

269 2864 320 2910 vv.
344 2843 507 2908 333-34:

309 2961 366 3026 καὶ
387 2961 443 3025 νύν
465 2949 600 3045 τέρματ’
627 2956 728 3045 ἔθηκε
749 2956 921 3045 ποδάρκης
943 2957 1015 3034 δῖος
1031 2949 1212 3039 Ἀχιλλεύς.

308 3065 363 3149 τῷ
386 3057 431 3127 σύ
454 3053 545 3145 μάλ’
572 3057 808 3146 ἐγχρίμψας
830 3056 931 3125 έλύαν
947 3057 1064 3142 σχεδὸν
1080 3058 1170 3145 ἅρμα
1184 3060 1240 3126 καὶ
1254 3059 1398 3139 ἰ’ππους.

266 3182 499 3248 νν.338-4οι

309 3296 343 3364 έν
366 3295 468 3383 νύσσῃ
492 3297 529 3362 δέ
549 3322 604 3364 τοι
625 3297 735 3376 ἵππος
757 3291 932 3384 ἀριστερὸς
954 3295 1273 3384 ἐγχριμφθήτω,

285 3395 354 3492 ιὡς
377 3395 418 3466 ἰύν
439 3425 494 3466 τοι
516 3400 647 3489 πλήμνη
670 3425 707 3486 γε
729 3398 910 3466 δοάσσεται
932 3395 1031 3484 ἄκρον
1054 3397 1191 3466 ἱκέσθαι
1520 3421 1521 3464 ι

307 3501 425 3568 κύκλον
447 3515 614 3590 ποιητοῖο.

1520 3913 1521 3950 λ

350 3621 442 3689 Hauc
463 3642 532 3689 rem
553 3621 700 3705 quemvis
723 3622 765 3688 sit
779 3628 863 3704 nota,
886 3629 994 3686 tamen
1015 3621 1160 3704 pluribus
1182 3617 1304 3687 idcirco
1326 3621 1418 3687 lubet

264 3725 430 3808 persequi,
460 3725 547 3807 quod
569 3743 641 3790 cem
670 3723 893 3805 gravissimam
921 3722 1119 3789 restitutores
1147 3721 1349 3805 hippodromi
1372 3721 1416 3787 cd

264 3847 356 3893 suum
379 3826 578 3893 commodum
602 3831 788 3891 convertere
808 3823 915 3891 adhuc
929 3824 1140 3906 neglexerunt
1154 3822 1304 3907 quodque
1320 3825 1417 3906 copie

265 3927 393 3994 demum
415 3928 557 3994 locorum
579 3927 719 3993 nondum
742 3927 949 3992 collectorum
972 3927 1099 3993 evincet
1115 3946 1179 3992 uon
1194 3927 1227 3991 in
1242 3925 1416 3991 Homerico

351 4133 375 4195 1)
394 4128 449 4183 Cir.
463 4125 548 4182 schol.
561 4125 628 4180 Ven.
641 4125 674 4180 B.
