3072 5012
490 392 522 445 Β.
549 392 600 446 DE
619 393 837 447 TARAXIPPO.
1177 397 1235 454 101

66 563 208 646 aridae,
231 563 371 630 subitum
395 565 550 647 crepitum
573 586 673 649 equos
695 585 911 648 expavescere
933 586 1028 650 posse
1051 569 1162 650 nequit
1183 588 1239 634 ne·

66 666 171 749 gari,
201 672 309 731 tamen
337 665 407 732 solo
436 667 568 733 umbrae
596 669 746 734 foliorum
775 675 906 752 aspectu
940 688 1040 751 equus
1069 670 1237 736 victoriam

67 767 254 850 praecipiti
285 787 379 833 cursu
408 774 594 851 expetentes
622 768 657 834 id
684 771 751 852 pati
780 790 875 853 posse
904 771 1034 836 minime
1060 771 1238 839 verisimile

68 874 147 934 est:
170 875 340 951 praeterea
362 870 420 933 tali
442 876 574 952 aspectu
596 877 670 936 ante
685 889 871 938 assuescere
888 878 1045 955 poterant,
1070 878 1102 938 et
1123 874 1238 938 mirum

70 977 162 1052 erat,
187 971 250 1036 nisi
264 977 330 1034 tam
345 971 472 1036 funesta
486 971 581 1037 arbor
603 972 728 1038 succisa
746 974 810 1054 vel,
833 974 861 1039 si
883 972 945 1040 hcc
966 975 1080 1056 religio
1095 975 1236 1059 vetabat,

68 1071 193 1153 aliquo
215 1070 313 1138 modo
334 1073 376 1137 ab
399 1092 551 1155 equorum
575 1080 747 1156 conspectu
769 1080 854 1140 tecta
876 1082 970 1141 esset

169 1173 336 1256 Ceterum,
364 1195 405 1240 ne
428 1174 489 1241 hcc
514 1181 625 1240 notare
652 1176 920 1258 praetermittam,
950 1176 1036 1259 quod
1059 1177 1236 1244 Pausanias

69 1275 137 1340 illo
160 1275 234 1340 luco
256 1276 452 1358 imperfectis
473 1260 514 1362 ἦν
537 1283 570 1343 et
592 1273 738 1340 ἐνεποίει
760 1279 836 1343 usus
858 1285 924 1361 est,
954 1297 1026 1343 cum
1050 1280 1236 1361 ceteroquin

71 1395 235 1458 praesens
258 1380 460 1461 usurpaverit
474 1382 504 1456 (ξ
523 1382 575 1443 15:
592 1371 734 1441 Ἔστιν
758 1373 815 1442 ἐπὶ
837 1379 896 1464 τῆς
916 1375 1067 1458 μείζονος
1089 1379 1235 1464 πλευρᾶς

72 1473 92 1539 ό
125 1474 361 1559 Ταράξιππος.
398 1483 490 1556 §19z
508 1473 623 1544 Ἔστι
646 1477 760 1543 δὲκαὶ
783 1476 817 1542 ἒν
835 1470 963 1562 Ἰσθμῷ
989 1477 1235 1565 Ταράξιππος),

72 1578 156 1645 inde
188 1577 272 1645 effici
298 1581 436 1647 arbitror
464 1582 551 1649 iliius
580 1588 687 1648 aemte
715 1602 779 1647 non
807 1582 898 1647 illum
927 1579 1173 1664 hippodrcmum
1204 1590 1236 1649 et

72 1700 193 1764 rupem
216 1681 280 1746 iam
302 1703 366 1749 non
388 1689 480 1764 nota,
508 1691 542 1749 at
571 1689 656 1750 certe
679 1683 803 1749 Nemea
825 1684 890 1748 iam
918 1704 982 1750 non
1005 1685 1050 1749 ibi
1073 1685 1236 1752 celebrata

71 1783 189 1849 fuisse.
197 1784 218 1860 ¹)

166 1884 285 1969 Pythia
318 1905 393 1951 uero
423 1905 523 1968 usque
551 1885 595 1951 ad
623 1906 681 1951 sua
710 1892 856 1969 tempora
882 1887 916 1950 in
949 1907 1007 1953 usu
1036 1889 1135 1956 fuisse
1165 1890 1234 1973 ipse

75 1987 202 2053 diserto
231 1988 413 2052 testimonio
443 1985 547 2054 firmat
569 1987 613 2065 (X
629 1990 679 2071 37,
696 1991 742 2064 4):
772 1978 840 2062 „'Eg
870 1985 905 2051 δὲ
928 1992 1057 2073 Κίρραν
1085 1985 1122 2054 τὸ
1156 1986 1233 2055 ἐπί-

3 2171 4 2174 ,
77 2111 170 2153 νειον
192 2088 338 2173 Δελφῶν
360 2084 439 2163 ὁδός
461 2087 521 2170 μὲν
552 2085 698 2151 σταδίων
721 2083 877 2174 ἑξήκοντά
900 2086 990 2154 ἐστιν
1014 2088 1048 2155 ἐκ
1069 2091 1232 2177 Δελφῶν·

3 2179 5 2192 ’
75 2185 263 2272 καταβάντι
293 2187 328 2252 δὲ
359 2186 392 2266 ἐς
419 2187 457 2254 τό
481 2187 600 2254 πεδίον
624 2186 838 2273 ἱππόδρομός
866 2193 903 2254 τέ
926 2187 1095 2258 ἐστικαὶ
1120 2185 1233 2276 άγιῦνα

3 2347 4 2370 η
76 2289 202 2356 Πύθια
226 2283 398 2373 άμουσιν
420 2288 569 2356 ἐνταῦθα
596 2287 655 2356 τόν
678 2289 851 2356 ἵνιπικόν“.
895 2294 972 2360 Plus
1002 2295 1099 2359 etiam
1124 2303 1235 2362 nostra

3 2399 4 2456 ξ
75 2396 221 2476 interest,
245 2412 327 2475 quae
342 2394 384 2460 de
399 2395 584 2478 Taraxippo
600 2392 758 2476 Delphico
782 2392 878 2479 dicat,
902 2397 1092 2478 comperire:
1117 2390 1170 2471 „‘0
1193 2395 1242 2461 δὲ·

78 2491 294 2578 ἱππόδρομος
316 2491 402 2559 ἐὀικο
423 2498 482 2559 τοῦ
500 2486 717 2570 ’Λπόλλωνος
739 2491 823 2575 τάχα
849 2498 910 2577 μέν
924 2518 992 2560 που
1014 2499 1083 2562 καὶ
1106 2489 1232 2574 αὐτὸς

3 2607 4 2676 3
75 2599 142 2662 των
167 2593 382 2662 ἱππευόντων
403 2593 478 2662 τινὰ
503 2588 654 2675 άνιοῖσαι,
685 2594 743 2661 tta
767 2588 966 2682 ἀνθρώποις
990 2600 1050 2662 τοῦ
1072 2597 1232 2682 δαίμονος

3 2683 4 2720 ³
77 2694 205 2781 ὁμοίως
229 2695 287 2763 ἐπὶ
311 2695 394 2782 ἐ’ργῳ
415 2700 518 2764 παντὶ
540 2700 596 2764 καὶ
620 2691 745 2781 άμείνω
773 2701 830 2763 καὶ
857 2695 901 2763 τὰ
928 2704 1027 2784 χείρω
1057 2705 1228 2784 νέμοντος·

77 2795 114 2866 οό
137 2803 254 2884 μέντοι
275 2801 330 2865 καὶ
355 2794 454 2878 αὐτὸς
476 2799 621 2889 ταραχὴν
644 2813 716 2876 τοῖς
738 2795 894 2876 ἵπποιςό
917 2800 1132 2886 ἱππόδρομος
1155 2800 1231 2870 οἵτε

75 2899 161 2968 κατὰ
186 2900 297 2967 αἰτίαν
320 2899 427 2987 ἥρωος
450 2897 525 2968 oica
548 2896 604 2968 ἐπ’
632 2896 714 2988 άλλη
743 2904 890 2987 πέφυκεν
920 2901 1121 2988 ἐργάζεσθαι
1143 2931 1230 2990 προ·

76 3002 181 3091 φάσει
190 3009 212 3067 “.
263 3005 312 3069 En
342 3003 442 3072 habes
470 3007 757 3074 luculentissimum
785 3005 885 3086 ipsius
919 3007 1037 3072 veteris
1065 3008 1228 3091 scriptoris

75 3191 170 3259 θῆναι,
188 3177 465 3254 οὗκαλτυδὲντοςό
486 3186 601 3260 τάφος
619 3193 799 3246 δείκνυται
817 3191 898 3260 περὶ
916 3187 980 3245 τὸν
996 3185 1229 3260 καλούμενον

77 3277 107 3329 Ιί
112 3295 127 3344 ρ
135 3270 220 3328 όνου
238 3267 354 3343 λόφον
371 3274 492 3344 πλησίον
504 3279 555 3331 τοῦ
567 3278 736 3346 καμπτῆρος
753 3276 802 3342 τῆς
813 3265 967 3342 Ὀλυμπίας,
985 3278 1033 3330 καὶ
1045 3284 1140 3344 τιμαῖς
1152 3278 1228 3332 πλεί-

78 3376 159 3422 σταις
177 3350 266 3412 αὐτὸν
284 3354 397 3424 ἐτίμων,
415 3351 489 3413 καθ’
506 3354 542 3430 ἢν
559 3355 667 3431 ἡμέραν
684 3354 779 3429 ἐτύθη,
796 3361 845 3412 καὶ
863 3350 962 3428 α’γώνα
980 3361 1129 3416 συνίστων.

152 3442 297 3513 λέγουσι
321 3441 356 3498 δὲ
380 3435 493 3500 αὐτόν
521 3443 767 3515 Ταράξιππον,
792 3439 914 3515 ἐπειδή
937 3442 1012 3500 εὀτι
1031 3442 1228 3518 ταράσσων

74 3445 135 3611 ελ
152 3530 210 3583 καὶ
227 3532 398 3601 θορυβῶν
416 3525 501 3596 τοὺς
517 3527 651 3595 ἵππους
669 3522 977 3600 άγωνιζομὲνους,

74 3623 225 3704 ἢάρρήτφ
247 3633 301 3685 τινὶ
325 3635 373 3687 καί
395 3625 493 3707 άλόγφ
516 3629 630 3698 δυνάμει
647 3627 665 3703 ἢ
683 3627 815 3702 δάφνης
833 3625 958 3702 ἑστώσης
978 3635 1043 3700 περὶ
1062 3626 1115 3686 τὸν
1132 3629 1227 3703 τάφον

74 3719 125 3772 καὶ
142 3715 327 3788 σειομένης
344 3711 454 3788 αὐτῆς
475 3713 727 3789 ταράσσεσθαι
750 3709 834 3779 τοὺς
849 3711 979 3778 ἵππους
1002 3719 1042 3784 τῇ
1061 3720 1141 3798 σκιᾷ
1158 3721 1227 3772 ταῖν

76 3796 224 3872 φύλλων.

154 3887 309 3942 λαλοῦσι
333 3887 368 3943 δὲ
392 3880 500 3944 αὐτόν
528 3883 773 3960 Ταράξιππον,
795 3877 916 3952 ἐπειδὴ
943 3881 975 3937 οἵ
999 3874 1225 3953 άγωνιζόμε-

76 3885 134 4052 τ”λ
151 3990 207 4026 νοι
223 3966 345 4036 ἵπποι,
364 3961 453 4028 όταν
471 3971 646 4042 γένωνται
664 3966 799 4033 ἐκεῖσε,
819 3962 1075 4042 ταράσσονται.

161 4059 184 4118 1)
197 4055 377 4112 Romanorum
386 4056 498 4124 imperio
509 4056 609 4111 Nemea
618 4055 653 4110 ad
663 4057 748 4122 Argus
759 4054 893 4108 translata
902 4057 973 4106 sunt.
992 4051 1085 4120 Polyb.
1096 4052 1121 4108 V
1133 4057 1188 4118 101,
1200 4059 1224 4110 5.

75 4142 152 4198 Diod.
166 4139 232 4194 XIX
248 4146 288 4195 64.
