3076 5020
294 383 335 444 22
573 381 606 435 Β.
632 379 684 435 DE
701 377 941 435 HIPPODROMO
960 377 1162 434 NONNIANO.

295 576 392 642 quem
413 556 549 638 quisquc
571 554 782 639 spectantium
805 553 920 620 ducem
942 553 975 617 in
999 551 1085 618 bcllo
1115 550 1228 634 babet,
1259 551 1288 616 ci
1311 549 1457 632 aurigae

295 661 436 727 maxime
458 659 582 739 faveat,
605 664 713 722 tamen
734 675 798 722 non
820 654 947 740 dubito,
976 655 1053 738 quin
1075 659 1190 737 poetae
1212 652 1314 719 nostri
1335 653 1456 716 animo

295 781 423 830 snorum
446 766 625 842 temporum
640 776 710 824 mos
725 757 914 824 obversatus
931 757 981 839 sit,
1005 774 1069 838 qno
1090 759 1287 839 spectatores
1310 754 1456 838 singulis

294 865 479 948 aurigarum
502 859 661 926 coloribus
683 858 830 926 solebant
858 857 978 924 lavere.
1021 857 1119 924 Ocius
1140 856 1189 922 rei
1209 855 1456 939 lepidissimum

296 965 397 1032 babes
425 962 607 1045 exemplum
633 960 667 1025 in
695 958 806 1026 Ovidii
834 959 1006 1025 Amoribus
1034 958 1094 1032 (ΙΙΙ
1108 960 1151 1035 2).
1200 957 1272 1024 Huc
1300 963 1457 1041 spectant

297 1069 395 1134 etiam
409 1085 462 1131 vv.
479 1065 541 1128 418
553 1082 612 1145 sq.,
635 1061 751 1144 quibus
765 1061 893 1144 magica
914 1059 1097 1144 superstitio
1119 1061 1153 1124 in
1175 1060 1303 1125 illomm
1324 1067 1455 1142 tempo-

296 1189 367 1234 rum
388 1167 483 1234 circis
505 1164 696 1248 pervulgata
710 1163 860 1248 tangitur,
883 1167 917 1228 et
936 1181 969 1228 v.
986 1165 1058 1246 440,
1081 1161 1169 1245 quod
1186 1161 1326 1245 primum,
1339 1181 1456 1227 exem-

296 1270 386 1353 plum
408 1274 472 1350 cst,
496 1266 582 1350 qnod
604 1266 720 1347 sciam,
746 1265 845 1330 moris
867 1264 901 1328 in
922 1265 1038 1330 nostris
1060 1264 1225 1330 curriculis
1248 1263 1456 1330 usitatissimi

297 1358 551 1449 (‘Totalisator')
573 1367 780 1450 sponsionum
801 1366 842 1431 de
863 1367 1000 1432 victoria
1021 1365 1251 1432 faciendarum.

383 1467 477 1546 Quod
505 1469 638 1551 aurigae
671 1467 847 1534 identidem
879 1488 951 1534 cum
984 1468 1197 1551 gubernatore
1225 1474 1458 1550 comparantur

298 1578 342 1651 (v.
359 1575 436 1636 217:
459 1567 538 1635 ἕσσο
552 1566 729 1654 κυβερνήτῃ
746 1581 942 1650 πανομοῖος.
977 1572 1049 1636 207.
1065 1571 1137 1633 221.
1154 1572 1239 1652 310),
1254 1568 1289 1634 id
1304 1575 1456 1635 veterum

298 1671 546 1756 cogitationibus
568 1671 668 1736 multo
689 1672 868 1754 promptius
884 1678 953 1738 erat
973 1691 1070 1755 qnam
1091 1672 1217 1754 nostris,
1240 1671 1317 1753 quia
1339 1689 1455 1736 corum

299 1775 437 1841 navibus
459 1772 524 1838 duo
547 1777 638 1838 erant
657 1773 888 1855 gnbemacula:
911 1794 1045 1857 quornm
1066 1793 1138 1838 cum
1153 1772 1347 1855 gnbemator
1369 1772 1455 1838 dex·

299 1885 383 1941 tmm
398 1873 582 1956 reducebat,
604 1875 697 1940 navis
712 1874 755 1940 ud
771 1875 917 1942 dextram
933 1876 1114 1960 pellebatur
1136 1879 1171 1939 ut
1186 1893 1286 1957 equus
1308 1873 1457 1940 adducta

300 1979 415 2043 ‹lextm
430 1975 567 2058 habena,
584 1974 761 2060 eademque
776 1983 886 2044 contm
901 1978 933 2042 in
948 1978 1111 2044 sinistram
1121 1974 1239 2042 valent
1262 1973 1348 2052 Quid
1363 1978 1456 2060 qnod

301 2080 397 2144 ctiam
420 2079 453 2143 in
475 2078 591 2143 nostris
614 2078 778 2145 curriculis
800 2078 907 2146 dicere
929 2080 1047 2146 solent:
1068 2071 1140 2144 ‘das
1162 2076 1260 2143 Pierd
1282 2069 1457 2144 stenem'?

300 2179 367 2246 Sed
389 2180 487 2244 etiam
509 2197 550 2244 ex
572 2179 730 2245 contrario
745 2180 975 2263 gnbcmatores
990 2201 1063 2246 cum
1079 2179 1279 2263 equestribus
1294 2179 1455 2262 agonistis

302 2273 541 2365 componuntur,
564 2286 599 2345 ut
621 2280 653 2344 in
668 2279 833 2364 Apollonii
847 2280 968 2348 Rhodii
982 2282 1207 2366 Argonauticis
1221 2281 1267 2346 IV
1283 2285 1456 2346 1604-10

302 2384 396 2450 Iason
418 2384 506 2465 Argo
528 2381 725 2465 gubernans:

387 2475 432 2559 ὥς
454 2475 486 2546 δ’
513 2473 565 2547 ὅτ’
585 2475 667 2569 άνηρ
688 2480 776 2548 θόον
797 2481 906 2548 ἵππον
930 2482 963 2560 ἐς
984 2475 1080 2568 εὐρέα
1101 2481 1218 2549 κύκλον
1241 2475 1368 2568 άμῶνος

388 2582 506 2669 στέλλῃ
530 2575 730 2668 ὀρεξάμενος
752 2585 870 2672 λασίης
893 2577 1056 2651 εὐπειθέα
1076 2590 1193 2672 χαίτης

391 2680 491 2768 εἶθαρ
515 2682 741 2769 ἐπιτροχάων·
764 2679 782 2750 δ
808 2678 840 2750 ‹l'
865 2679 925 2751 ἐπ’
943 2679 1052 2770 αὐχένι
1073 2689 1193 2772 γαῦρος
1216 2679 1353 2770 deposta

389 2785 537 2867 ἕσπεται,
561 2780 756 2871 ἀργινόεντα
779 2779 810 2851 δ’
836 2784 895 2853 ἐπὶ
917 2788 1121 2873 στομάτεσσι
1140 2786 1260 2872 χαλινὰ

389 2882 496 2975 άμφὶς
518 2881 733 2967 ὀδακτάζοντι
755 2888 974 2978 παραβλήδην
999 2884 1206 2977 κροτέονται·

389 2987 435 3067 ὣς
457 2982 510 3074 ὅγ’
536 2989 756 3072 ἐπισχόμενος
775 2992 947 3082 γλαφυρῆς
969 2987 1101 3081 ὁλκήιον
1119 2986 1259 3078 Ἀργοῦς

296 3127 298 3132 ·
388 3076 442 3180 ἦγ’
469 3090 573 3158 ἅλαδε
598 3091 801 3179 προτέρωσε,

304 3194 391 3279 qnod
407 3200 456 3260 cst
469 3195 756 3263 luculentissimum
771 3198 840 3263 eius
855 3197 999 3264 certandi
1015 3199 1142 3281 generis
1160 3198 1353 3281 exemplum,
1368 3196 1458 3280 qnod

303 3293 414 3382 κάλπη
437 3298 634 3380 appellatum
656 3299 756 3364 multo
779 3305 854 3365 ante
876 3297 970 3364 huius
992 3304 1108 3382 poetae
1130 3306 1274 3382 tempora
1296 3319 1325 3364 a.
1343 3319 1372 3364 a.
1396 3297 1457 3365 (lh.

304 3418 334 3461 n.
359 3396 525 3463 CCCCXL
543 3397 718 3484 Olympiae
739 3401 896 3466 abolitum
920 3407 968 3466 est
991 3402 1059 3480 (cfr.
1076 3401 1170 3467 Paus.
1186 3401 1215 3466 V
1230 3403 1259 3483 9,
1278 3403 1381 3480 1-2).

389 3499 462 3565 Non
490 3520 620 3584 possum
647 3504 916 3586 praetermittere,
946 3503 1023 3586 quin
1043 3502 1192 3568 Nonnum
1220 3504 1345 3585 pcccati
1368 3523 1458 3569 coar-

305 3622 411 3685 guam.
455 3602 547 3668 Facit
576 3604 659 3668 enim
688 3622 740 3668 vv.
757 3608 818 3669 409
834 3624 904 3688 sqq.
933 3604 1099 3670 Pbannum
1127 3605 1169 3670 ab
1191 3604 1332 3687 Achate,
1362 3624 1459 3688 quem

306 3703 362 3769 ille
384 3703 553 3771 collisums
575 3710 633 3788 est,
657 3704 834 3782 admoneri,
859 3715 894 3773 nt
914 3699 1111 3774 Actaeonem
1133 3712 1257 3790 caveat,
1279 3726 1321 3772 ne
1343 3707 1460 3774 iterum

305 3804 348 3870 ab
378 3824 416 3870 co
444 3803 486 3870 de
515 3826 607 3872 curm
635 3808 669 3871 in
697 3808 864 3889 pulverem
892 3808 1059 3876 deiciatur.
1103 3808 1173 3874 Nec
1193 3826 1272 3874 vcro
1294 3809 1458 3895 intellego,

307 3925 370 3989 quo
393 3907 463 3971 iure
486 3904 549 3974 hoc
569 3908 677 3991 faciat,
700 3909 862 3991 siquidem
884 3912 1028 3977 Actaeon
1043 3908 1221 3992 Phaunum,
1246 3911 1336 3976 cuins
1358 3931 1458 3994 equos

306 4008 482 4092 prostravit
499 4010 564 4084 (vv.
581 4011 640 4072 351
655 4016 746 4094 sqq),
770 4012 835 4075 iam
851 4010 971 4076 dudum
987 4018 1226 4094 praetervectus
1243 4013 1307 4089 (vv.
1325 4013 1383 4078 381
1398 4018 1457 4097 sq.)

306 4130 376 4193 nec,
400 4130 472 4176 cum
495 4111 560 4176 iam
581 4111 757 4177 novissimo
780 4113 914 4179 circuitu
936 4112 1117 4180 decertetur
1138 4114 1181 4190 (v.
1198 4115 1287 4196 289),
1310 4114 1415 4182 denuo
1438 4137 1459 4182 a
