3072 5012
484 396 518 450 A.
544 394 596 448 DE
615 395 852 453 GARGERIBUS.
1207 401 1247 459 83

79 567 230 630 τιθέναι
257 567 306 649 τῷ
333 563 434 651 ἵππῳ
460 569 516 632 καὶ
544 565 625 632 ὅταν
648 565 706 633 ἐπὶ
734 567 838 656 ψῆξιν
863 571 919 635 καὶ
942 561 1023 636 ὅταν
1047 567 1106 636 ἐπὶ
1128 569 1249 638 κάλι-

82 689 224 750 στραν
239 664 347 753 ἐξάγῃ.
380 669 429 734 Id.
445 669 563 736 Oecon.
575 671 623 736 XI
637 673 691 736 18:
708 668 846 737 ἐπειδὰν
863 671 1019 736 δὲταῦτα
1034 665 1065 759 [ἡ
1083 670 1247 760 ἱππασία]

81 771 236 855 γένηται,
254 763 271 835 ὁ
287 783 371 846 παῖς
386 768 573 847 ἐξαλίσας
587 769 646 837 τὸν
661 770 771 838 ἵππον
787 771 901 838 circada
917 765 1053 858 ἀπάγει.
1081 774 1245 859 Aristoph.

81 872 176 936 Nat.
194 873 232 936 31
251 871 293 937 de
308 892 391 956 equo
407 875 532 940 curtili:
556 867 666 958 ἄπαγε
687 871 746 938 τὸν
765 873 876 940 ἵππον
899 872 1100 952 ἐξαλίσας
1123 875 1247 942 οἴκαδε.

81 973 164 1038 Ael.
181 973 255 1039 hist.
271 977 368 1040 anim.
383 975 432 1040 III
447 979 466 1039 2
482 975 523 1042 de
537 977 676 1061 Libyam
692 978 725 1042 in
741 978 890 1044 curandis
911 979 1003 1061 equis
1025 979 1246 1062 neglegentia:

84 1068 169 1138 οὔτε
190 1077 269 1158 γοῦν
293 1067 407 1150 αὐτοῖς
427 1073 567 1164 κομιδὴν
589 1081 840 1166 προσφέρουσιν
867 1077 899 1144 οἱ
923 1075 1103 1158 δεσπόται,
1127 1073 1165 1144 οὗ
1186 1105 1247 1145 κα-

84 1179 283 1258 ναψῶντες,
314 1169 352 1242 οὗ
378 1175 669 1265 καλινδήθραν
698 1177 917 1264 ἐργασάμενοι
942 1181 1010 1244 κτλ.
1060 1181 1124 1248 Off.
1149 1184 1247 1249 otium

86 1278 238 1345 eiusdem
268 1300 335 1345 var.
359 1279 432 1347 hist.
453 1282 530 1346 XIV
555 1286 593 1345 15
624 1288 656 1348 et
683 1283 931 1366 lexicographos
953 1304 978 1350 s.
1001 1303 1054 1349 vv.
1076 1283 1246 1368 κολίστρα,

86 1377 287 1465 ἐξαλίστρα,
318 1373 527 1468 ἇλινὸήθρα).
569 1384 607 1448 In
632 1384 751 1468 Alphei
778 1405 905 1468 quoquc
930 1387 1002 1468 ripa
1031 1387 1096 1456 talc
1121 1386 1247 1468 aliquid

85 1483 192 1550 fuisse
214 1485 283 1549 iure
305 1484 383 1550 licat
405 1504 539 1550 sumere.

176 1585 271 1651 Hanc
293 1584 334 1651 de
356 1587 554 1653 sinistrorum
582 1606 745 1653 carcerum
768 1607 826 1654 usu
853 1589 1044 1654 sententiam
1067 1588 1245 1655 Lehndorf·

85 1685 151 1753 fius
181 1687 279 1753 etiam
308 1687 351 1752 ad
373 1689 535 1755 Romanos
564 1689 665 1754 circos
695 1690 857 1755 transtulit
879 1689 963 1767 (adn.
981 1691 1043 1767 29).
1051 1691 1071 1764 ¹)
1116 1690 1183 1757 Sed
1204 1712 1246 1757 ne

85 1789 122 1852 in
146 1787 199 1854 his
222 1788 353 1872 quidam
375 1791 478 1872 valet,
502 1789 656 1872 quodibi
680 1810 823 1874 quoque,
847 1811 1041 1874 quamquam
1062 1793 1180 1875 rarius,
1204 1812 1247 1859 ex

87 1890 240 1956 omnibus
269 1892 466 1974 carceribus,
496 1899 529 1957 et
558 1891 680 1958 dextris
703 1899 735 1957 ct
757 1892 907 1976 sinistris,
937 1894 1068 1959 missum
1093 1912 1163 1959 esse
1186 1896 1246 1960 aci·

87 2011 170 2056 mus.
217 1989 374 2067 Quoniam
404 1992 457 2058 hic
487 2013 554 2058 rem
585 1994 711 2075 longius
740 1995 890 2076 persequi
918 1994 1100 2078 nonlicet,
1130 1994 1245 2078 delego

87 2093 185 2175 plura
210 2094 425 2159 sciscitantem
447 2095 490 2159 ad
512 2093 755 2160 Fricdlacnderi
786 2094 952 2160 historiam
980 2115 1105 2160 morum
1128 2097 1244 2162 Roma·

87 2215 204 2261 norum
219 2196 265 2273 (in
275 2198 340 2261 vol.
352 2196 391 2261 Π.
404 2215 435 2278 p.
445 2199 517 2261 291.
526 2197 597 2260 312.
607 2198 691 2270 464).
721 2195 893 2261 Praeterea
906 2198 939 2260 in
954 2196 1244 2275 dimicationibus2)

7 2373 8 2378 ἵ
87 2303 285 2380 pugnatores
308 2299 425 2364 alteros
446 2318 465 2364 e
487 2297 609 2363 dextris
631 2296 812 2363 carceribus
835 2298 868 2360 in
891 2297 1054 2380 dextrum,
1083 2299 1203 2366 alteros
1226 2320 1244 2365 e

7 2421 8 2426 ¹
88 2399 228 2466 sinistris
250 2401 284 2464 in
306 2399 466 2466 sinistrum
490 2399 690 2482 curriculum,
713 2398 802 2463 utin
824 2419 901 2464 arcu
916 2399 992 2465 circi
1008 2399 1090 2464 inter
1112 2419 1147 2464 se
1169 2420 1243 2465 con-

7 2565 8 2592 3
88 2507 262 2584 currerent,
285 2503 399 2568 missos
423 2520 493 2567 esse
516 2500 737 2566 coniciendum
753 2506 810 2566 est.
848 2501 919 2566 Hoc
941 2501 1012 2566 loco
1028 2501 1243 2566 Romanorum

7 2639 9 2656 ·
88 2605 248 2670 circorum
270 2602 501 2670 institutionem
523 2602 702 2668 accuratius
724 2603 928 2668 considerare
949 2603 1095 2684 quamvis
1117 2605 1243 2669 animus

7 2767 9 2786 ‚
88 2706 187 2788 ferat,
211 2710 335 2787 tamen,
357 2724 397 2769 ne
420 2705 547 2785 longius
569 2723 591 2768 a
611 2721 646 2768 re
668 2705 834 2788 proposita
854 2704 1056 2788 aberramus,
1086 2711 1242 2770 vetamur.

7 2821 8 2882 s
89 2807 197 2874 Unum
220 2825 298 2871 vcro
321 2805 507 2889 defendam,
531 2805 617 2888 quod
640 2811 750 2870 contra
772 2825 824 2870 me
846 2807 963 2888 aliquis
986 2807 1088 2889 possit
1110 2826 1240 2872 conver-

7 3103 9 3120 .
177 3043 203 3106 1)
217 3037 278 3093 ‘Ich
299 3040 373 3094 halte
390 3055 419 3094 es
437 3041 481 3094 fltr
503 3039 603 3094 hochst
620 3039 856 3103 wahrscheinlich,
881 3039 944 3092 dass
968 3054 1019 3090 nur
1037 3039 1080 3092 die
1098 3039 1154 3093 vier
1171 3054 1243 3108 resp.

90 3126 170 3181 sechs
183 3125 313 3179 Carceres
330 3140 379 3178 aur
391 3123 514 3178 Rechten
532 3125 578 3178 des
590 3124 742 3192 Einganges
754 3122 798 3176 fhr
817 3122 868 3176 den
880 3122 983 3176 Ablanf
999 3122 1111 3176 henntzt
1122 3124 1242 3190 worden,

90 3212 134 3266 die
151 3227 202 3265 aar
220 3211 326 3264 Linken
350 3210 469 3278 dagegen
487 3210 527 3263 als
545 3209 698 3263 Kuhlstalle
720 3207 765 3260 ihr
783 3207 825 3259 die
843 3206 941 3262 Pferda
962 3208 1032 3260 nach
1051 3209 1111 3261 dem
1129 3208 1244 3263 Rennen

91 3297 214 3362 dienten3
234 3295 308 3360 oder,
327 3310 386 3349 was
398 3297 449 3348 mir
460 3295 532 3347 noch
544 3294 595 3347 viel
607 3291 868 3353 wahrscheinlicher‚
885 3308 935 3344 aar
945 3292 1161 3360 provisorischen
1173 3295 1243 3348 Auf-

91 3382 208 3448 stellung
231 3380 278 3433 der
298 3380 455 3447 Gespanne‚
479 3378 521 3431 dia
544 3379 582 3432 im
599 3377 841 3445 nachstt'olgenden
858 3376 972 3430 Rennen
989 3379 1109 3442 (Missus)
1128 3395 1242 3433 concur·

91 3466 162 3520 riren
181 3465 287 3528 sollten‚
306 3465 362 3516 und
381 3462 439 3517 sich
454 3461 599 3530 J'edenfalls
617 3463 676 3515 eiua
688 3461 776 3515 Weile
787 3461 884 3516 vorher
896 3461 1031 3515 eintinden
1048 3468 1178 3530 mussten,
1197 3481 1243 3517 um

93 3551 162 3605 ohne
179 3548 341 3603 Zeitverlust
357 3549 385 3602 in
404 3549 446 3601 die
463 3547 702 3600 Ablautscarceres
721 3548 868 3602 einrhcken
886 3565 920 3600 zu
937 3548 1062 3609 konnen,
1087 3548 1182 3602 sobald
1200 3549 1243 3600 die

91 3633 306 3702 vorhergehenda
325 3633 453 3686 Nummer
471 3633 517 3686 des
535 3632 704 3698 Programms
728 3632 856 3697 beendet,
881 3632 961 3684 sowie
984 3631 1055 3684 auch
1073 3632 1154 3684 heute
1170 3633 1242 3685 noch

93 3721 135 3775 die
151 3718 249 3773 Plerde
266 3718 310 3771 fttr
328 3722 436 3787 spatere
453 3718 567 3771 Rennen
591 3716 637 3770 des
656 3715 742 3782 Tages
761 3716 819 3768 sich
837 3715 886 3770 auf
905 3718 964 3769 dem
982 3715 1157 3783 Sattelplatze
1174 3717 1241 3768 min-

93 3806 198 3859 destens
217 3803 276 3856 eine
293 3803 373 3857 halbe
385 3803 486 3857 Stunde
504 3803 600 3855 vorher
619 3799 752 3854 einfinden
770 3807 886 3864 mussan,
904 3816 949 3852 um
960 3800 998 3852 im
1014 3800 1166 3866 gegebenen
1180 3798 1240 3853 Mo·

93 3894 162 3944 ment
185 3890 256 3943 ohne
276 3888 437 3944 Zeitverlust
459 3904 503 3942 am
526 3885 639 3939 Plosten
661 3884 817 3938 eracheinen
839 3901 874 3937 au
897 3886 1013 3938 konnen.
1050 3882 1129 3936 Nach
1153 3882 1241 3936 dieser

94 3974 221 4041 Analogia
238 3975 345 4026 mdchte
363 3972 408 4026 ich
425 3973 497 4026 dann
515 3971 585 4024 auch
604 3969 655 4024 den
667 3969 765 4022 Zweck
783 3969 832 4022 der
849 3969 1036 4035 linksseitigen
1052 3965 1194 4021 Oikemata
1211 3967 1240 4020 in

95 4061 139 4114 dar
155 4057 341 4127 griechischen
359 4057 475 4126 Aphasis
493 4046 679 4110 heurtheilen.'

175 4149 200 4210 2)
218 4160 242 4198 v.
256 4143 329 4196 Suet.
343 4142 442 4197 Domit.
455 4146 480 4197 4.
998 4221 1034 4273 6*
