3076 5020
177 1425 358 1528 Godoiredi
374 1461 557 1545 Hermanni,
570 1457 861 1544 ‘grammaticorum
878 1461 1019 1545 equitum
1035 1452 1236 1542 doctissimi’,

92 1563 209 1629 calcari
230 1562 378 1628 incitatus
407 1585 477 1630 cum
501 1565 564 1629 iam
595 1563 770 1629 tirunculus
791 1562 974 1646 philologus
997 1562 1182 1628 animalium
1205 1569 1237 1628 et

90 1665 282 1731 nobilissimi
310 1670 342 1731 et
370 1666 530 1731 utilissimi
560 1665 698 1731 studium
727 1671 875 1748 apatre,
903 1671 939 1731 ut
967 1664 1078 1748 credo,
1106 1664 1235 1730 insitum

91 1774 188 1848 atque
200 1787 219 1831 a
231 1767 366 1851 pueritia
379 1769 479 1833 fotum
496 1789 567 1834 cum
582 1767 758 1853 philologia
775 1787 837 1833 uno
851 1767 927 1847 iugo
943 1766 1134 1847 coniungere
1145 1767 1237 1849 quasi

91 1871 198 1935 furtim
226 1876 357 1935 conatus
380 1869 456 1952 sim,
486 1869 574 1935 cuius
597 1868 734 1951 coniugii
756 1868 913 1953 primitias
941 1869 1236 1950 quantulascunque

90 1971 134 2036 ad
157 1973 276 2038 calcem
306 1972 387 2054 legis
408 1971 718 2038 Commentationum
744 1970 1052 2053 Ribbeckianarum,
1081 1971 1237 2054 gliscente

92 2075 194 2157 magis
223 2073 389 2157 magisque
421 2073 466 2139 rei
501 2073 714 2140 oblectatione
746 2073 789 2138 ad
822 2072 881 2138 hos
914 2091 1041 2157 quoque
1075 2091 1237 2139 sermones

93 2181 257 2258 equestres
281 2174 503 2258 concipiendos
526 2197 577 2241 me
600 2175 733 2240 accinxi.

176 2279 282 2358 Atque
304 2297 375 2342 cum
397 2278 499 2360 primo
523 2277 683 2361 quaslibet
698 2275 897 2357 antiquitatis
919 2295 969 2340 res
988 2274 1181 2360 equestres1)
1204 2276 1237 2341 in

92 2378 232 2444 scidulas
247 2397 335 2454 meas
351 2379 560 2460 collegissem,
582 2378 759 2464 paullatim,
782 2384 817 2443 ut
831 2376 1008 2460 pyramidis
1031 2378 1236 2460 architecton,

92 2482 257 2547 materiem
285 2481 447 2563 copiosam
474 2481 508 2546 in
537 2482 654 2547 arctius
684 2479 870 2546 contrahere
899 2484 1027 2546 coactus
1064 2480 1237 2546 certamina

93 2583 252 2667 equestria
274 2583 371 2665 elegi,
395 2601 477 2664 quac
500 2582 684 2666 diligentius
707 2580 960 2678 considerarem,
987 2603 1050 2648 non
1077 2582 1162 2665 quod
1185 2582 1237 2648 hic

93 2686 292 2771 potissimum
320 2705 398 2769 ager
425 2685 554 2751 cultoris
583 2692 688 2752 aratro
717 2684 886 2767 caruisset,
915 2684 973 2750 scd
1002 2686 1087 2767 quod
1112 2686 1237 2769 frugum

93 2788 305 2854 fertilissimus
332 2794 388 2854 est.
433 2787 589 2865 Quoniam
617 2794 723 2854 autem
753 2787 786 2851 in
815 2787 1029 2854 Romanorum
1057 2787 1152 2855 rebus
1180 2789 1237 2852 cir-

95 2891 245 2956 censibus
259 2889 436 2954 accuratius
452 2890 705 2973 contemplandis
723 2889 823 2954 multo
846 2888 953 2969 plures
975 2890 1037 2955 viri
1058 2890 1144 2955 docti
1166 2910 1237 2973 pro-

27 3052 30 3056 .
94 3013 169 3058 nam
198 3013 255 3074 pro
283 2991 415 3056 fontium
445 2991 595 3074 largitate
625 3011 733 3057 curam
762 2999 935 3076 posuerunt
964 3013 1059 3075 quam
1084 2992 1116 3056 in
1140 2991 1236 3058 Grae-

95 3113 217 3174 corum,
247 3092 297 3158 his
326 3112 455 3178 operam
484 3093 616 3159 navanti
644 3112 682 3158 ec
711 3093 824 3160 melius
857 3093 972 3158 mereri
1005 3093 1082 3158 mihi
1115 3092 1236 3159 videor.

94 3198 186 3263 Nunc
215 3193 342 3276 quidem
373 3197 509 3261 selectas
538 3194 633 3261 modo
657 3194 812 3276 quasdam
840 3195 1043 3276 quaestiones
1065 3193 1237 3280 hippodro-

94 3298 193 3364 micas
216 3295 312 3363 edere
333 3296 437 3362 lubuit
458 3297 539 3363 alias
561 3298 697 3381 posthac
711 3298 846 3364 fortasse
866 3297 943 3363 data
958 3298 1124 3365 occasione
1146 3296 1236 3363 addi-

95 3408 174 3466 turo.
218 3398 288 3476 Quo
312 3399 395 3464 enim
417 3398 556 3465 maxime
579 3399 702 3465 animus
725 3400 876 3481 allicitur,
899 3406 934 3466 ut
957 3401 1148 3484 equestrium
1172 3421 1236 3466 cer·

93 3502 248 3567 taminum
263 3522 283 3566 a
298 3501 409 3583 primis
424 3502 466 3566 ad
481 3501 656 3568 novissima
678 3501 876 3584 antiquitatis
892 3508 1036 3587 tempora
1051 3521 1237 3588 progressus

95 3602 243 3669 historice
272 3603 517 3685 perlustrantur,
547 3603 581 3670 id
610 3623 631 3668 a
659 3603 802 3668 tantulae
825 3601 1122 3671 dissertatiunculae
1145 3624 1237 3687 argu-

95 3711 199 3770 mento
227 3703 367 3770 alienum
395 3704 501 3788 potius
531 3705 637 3789 operis
670 3706 820 3770 universa
853 3705 914 3771 huc
942 3705 1121 3790 spectantia
1153 3725 1235 3772 oom-

93 3805 219 3891 plexuri
241 3805 310 3872 erit.

180 3997 204 4058 l)
227 3989 369 4058 Adolphus
391 3990 591 4056 Schliebenius,
618 3992 720 4046 ordinis
741 3991 911 4045 tormentarii
934 3992 989 4044 dux
1013 3992 1187 4058 Borussicus,
1209 3994 1238 4046 in

94 4092 139 4140 co,
169 4091 248 4144 quem
277 4074 311 4128 de
338 4075 412 4143 equis
439 4076 608 4144 antiquitatis
637 4076 760 4145 scripsit,
789 4077 857 4131 libro
885 4077 1049 4141 (Neuwidiae
1075 4081 1102 4128 et
1129 4077 1238 4146 Lipsiae

94 4159 354 4232 clolocccnxvlu
372 4161 509 4214 materiem
527 4163 611 4228 magis
630 4161 764 4228 congessit
780 4176 860 4230 quarn
877 4162 905 4214 in
924 4177 1001 4215 usum
1019 4176 1096 4214 suum
1115 4161 1236 4216 contulit.

144 4255 263 4296 Pollsck.
1020 4251 1030 4299 1
