3076 5020
316 374 346 429 0.
374 371 423 427 DE
441 372 568 441 QUINTI
586 371 775 427 SMYRNAEI
793 370 1042 427 HIPPODROMO.
1210 369 1249 427 29

188 548 262 614 Non
289 566 419 629 possum
448 547 578 612 credere
607 547 821 629 sortitionem,
850 551 959 629 utpote
989 564 1071 627 quae
1093 565 1114 608 a
1136 545 1250 609 ceteris

100 669 232 733 semper
259 655 453 715 memoretur
480 653 670 734 (p.15sq.),
700 670 720 714 a
742 646 860 725 Quinto
890 648 1016 714 silentio
1045 647 1250 729 praeteritam

100 772 190 835 esse,
221 751 278 817 sed
306 751 498 816 mentionem
528 752 596 817 aius
623 752 709 817 inv.
733 753 794 814 506
823 749 1040 833 compluribus
1063 748 1251 830 corruptelis

102 853 245 920 obnoxio
267 853 368 917 latere
391 853 524 919 conicio.
569 853 605 917 Iu
628 873 690 935 quo
714 873 808 918 versu
831 851 1031 919 emendando
1054 858 1250 934 quantopere

101 955 165 1023 viri
198 954 283 1020 docti
310 953 473 1036 ingenium
496 957 710 1039 exercuerint,
744 955 839 1021 facilc
868 975 909 1020 ex
937 955 1074 1020 Arminii
1102 952 1251 1034 Koechly

102 1055 334 1122 commentario
357 1075 540 1138 cognosces.
586 1056 722 1122 Codices
745 1058 791 1122 sic
814 1077 886 1122 eum
908 1056 1076 1123 exhibent:

189 1169 279 1256 αἶψα
302 1165 333 1237 d’
360 1162 413 1257 ἂρ’
436 1172 483 1250 εἰς
503 1176 610 1255 χαῖρον
633 1172 767 1250 ξύνισαν
788 1168 934 1257 βεβαῶτ’
961 1173 1009 1240 ἐνὶ
1033 1173 1166 1260 δίφροις

185 1278 292 1359 χῶρον
316 1268 366 1339 ἄν’
392 1268 591 1361 ἠμαθόεντ’.

102 1394 287 1461 Clausulam
303 1414 414 1461 versus
437 1397 624 1463 mendosam
647 1417 717 1463 esse
740 1397 773 1461 in
791 1398 900 1478 aprico
915 1403 964 1462 est
977 1401 1108 1479 propter
1122 1395 1251 1461 dualem

102 1496 146 1562 de
170 1498 310 1579 quinque
332 1498 452 1579 aurigis
468 1499 632 1564 absonum.
670 1501 828 1564 Ascensus
844 1498 900 1577 eis,
924 1500 979 1581 qui
995 1499 1165 1563 verborum
1181 1499 1252 1563 loca

101 1605 299 1682 permutant,
329 1600 448 1664 scribo:
479 1597 619 1685 δίφρους
639 1601 817 1681 βεβαιῦτες.
861 1599 922 1666 Hic
948 1601 1166 1684 accusativus,
1196 1603 1251 1683 qui

103 1701 276 1766 Homerico
305 1703 453 1784 exemplo
479 1704 590 1767 nititur
611 1704 655 1779 (Γ
673 1705 734 1765 262
758 1696 829 1783 πὰρ
852 1698 888 1762 δέ
911 1699 943 1763 οἱ
964 1697 1086 1784 βήσετο
1110 1700 1251 1787 δίφρον),

102 1822 145 1869 ne
168 1824 189 1868 a
210 1801 319 1880 Quinti
345 1804 476 1886 quidem
505 1805 645 1870 dictione
673 1805 798 1868 alienus
822 1802 982 1884 (Koechly
1004 1805 1095 1886 proll.
1119 1824 1188 1887 cap.
1212 1805 1251 1870 ll.

103 1908 122 1981 ξ
142 1907 191 1969 18.
215 1905 268 1970 cfr.
286 1906 383 1970 otiam
399 1926 451 1971 vv.
469 1909 539 1970 5118.
558 1908 640 1987 565),
665 1905 751 1987 quod
767 1905 868 1970 rarius
891 1907 1037 1989 occurrit,
1060 1907 1252 1988 glossemate

104 2006 284 2090 explicatus
313 2013 374 2072 est:
411 2008 571 2090 glossema
599 2013 707 2072 autem
733 2008 767 2070 in
801 2012 923 2070 textum
954 2008 1089 2091 irrepsit.
1141 2008 1253 2074 Codex

104 2110 191 2174 enim
213 2109 413 2175 Monacensis
442 2114 596 2190 perpetuo
625 2110 803 2190 glossarum
832 2116 988 2191 apparatu
1012 2117 1182 2176 exornatus
1205 2119 1254 2177 est

104 2209 267 2294 (Koechly
287 2211 379 2293 proll.
402 2229 433 2293 p.
450 2209 530 2287 cll).
574 2210 696 2290 Χιῦρον
717 2216 841 2292 autem,
865 2211 952 2292 quod
974 2219 1153 2296 propterea,
1177 2214 1253 2294 quia

105 2313 194 2378 idem
209 2313 341 2378 verbum
364 2313 514 2377 contiuuo
537 2312 677 2393 iteratur,
700 2313 776 2377 ferri
799 2313 919 2394 nequit,
942 2313 1065 2378 librarii
1086 2315 1179 2395 lapsu
1194 2332 1253 2395 pro

104 2415 224 2500 κλῆρον
246 2415 397 2498 scriptum
421 2432 492 2479 esse
515 2412 620 2479 credo.
666 2413 720 2479 Sic
743 2413 839 2495 igitur
861 2433 987 2480 versum
1009 2415 1154 2481 restituo:
1290 2408 1298 2421 '

214 2527 301 2616 αἶψα
324 2525 355 2596 d'
383 2521 424 2615 ύρ
447 2529 495 2607 εἰς
516 2531 635 2615 κλῆρον
659 2528 792 2606 ξύνισαν
815 2529 955 2616 δίφρους
976 2534 1143 2614 βεβαῶτες

209 2636 317 2716 χῶρον
340 2625 390 2698 ἄν’
417 2625 616 2719 ἠμαθόεντ’.

106 2753 191 2820 ΝοΙο
212 2755 321 2820 multis
342 2773 447 2818 meam
470 2755 684 2819 coniecturam
707 2754 931 2820 commendare
946 2756 982 2838 ¹),
1006 2762 1183 2819 ceterorum
1205 2775 1252 2821 re·

105 2856 219 2921 futare.
262 2855 300 2920 Id
323 2862 408 2920 certe
431 2855 510 2919 mihi
532 2857 677 2938 persuasi
700 2864 732 2921 et
753 2857 819 2920 leni
842 2858 1016 2922 mutatione
1038 2864 1070 2921 et
1085 2857 1169 2922 hona
1183 2876 1253 2922 scu·

106 2957 207 3023 tentia
229 2957 343 3022 ceteris
366 2977 437 3022 eam
459 2964 632 3039 praestare.
676 2957 821 3038 Accedit,
844 2959 929 3040 quod
953 2959 1123 3024 Homerico
1147 2961 1254 3025 versui

106 3059 156 3135 (Il.
178 3060 211 3121 Ψ
224 3061 297 3134 352)
318 3078 408 3124 meus
431 3060 550 3142 optime
573 3058 760 3141 respondet:

236 3165 275 3240 dv
298 3168 330 3241 δ’
357 3174 435 3259 ἔβαν
459 3173 492 3252 ἐς
515 3175 663 3262 δίφρους,
688 3174 722 3240 ἕν
746 3175 781 3241 δὲ
802 3174 940 3260 κλήρους
964 3174 1132 3260 ἐβάλοντο.

107 3294 290 3379 Sequuntur
311 3296 398 3379 apud
421 3295 573 3374 Quintum
596 3298 710 3362 verba:

556 3412 613 3478 ἐπὶ
636 3412 757 3500 νύσσης
780 3410 811 3477 δ’
837 3411 936 3480 ’ἕσσαν
959 3412 1101 3480 ἕκαστοι.

107 3534 178 3602 Hac
193 3531 307 3611 νύσσα,
331 3553 429 3616 aqua
452 3536 576 3616 equites
599 3553 725 3617 quoque
747 3534 988 3617 proficiscuntur
1011 3538 1052 3611 (v.
1070 3539 1146 3600 550:
1171 3538 1203 3599 οἳ
1219 3529 1250 3600 d'

108 3627 178 3698 ἀπὸ
203 3632 323 3719 νύσσης
343 3637 347 3714 l
366 3635 586 3716 καρπαλίμως
606 3633 759 3720 σ’ίμησαν,
775 3665 818 3686 =
832 3656 862 3700 v.
882 3640 963 3719 195),
986 3636 1114 3702 videtur
1128 3639 1254 3703 interio-

108 3758 175 3804 rem
198 3743 294 3819 poeta
317 3743 433 3801 metam
456 3736 646 3819 siguificare.
684 3736 834 3802 Hahchat
852 3739 948 3818 igitur
970 3739 1127 3819 triplicem
1142 3736 1254 3803 finem:

107 3840 254 3923 primum,
277 3845 312 3905 ut
327 3840 412 3905 circa
428 3858 509 3922 eam,
532 3846 566 3904 ut
582 3840 667 3904 circa
682 3839 883 3920 exteriorem,
904 3837 1093 3919 flecteretur,
1109 3839 1253 3921 alterum,

195 4043 219 4102 1)
242 4038 297 4093 Glr.
317 4037 428 4092 similem
447 4038 554 4093 Arriani
575 4039 678 4092 locum:
703 4037 755 4102 είς
778 4043 912 4109 κλῆρον
937 4031 1039 4102 αὐτοὺς
1060 4040 1254 4098 καθίστασθαι

108 4120 240 4181 ἐδικαίου.
