3076 5020
469 399 505 454 11.
531 397 583 454 DE
601 398 723 455 LAEVO
740 399 849 456 GYRO.
1194 401 1235 458 45

170 573 342 640 Delineavi
364 572 418 639 hic
438 574 579 658 vestigia
600 573 736 639 duorum
759 593 912 658 equorum
935 575 1064 641 sinistra
1091 575 1234 658 alterins,

87 677 216 743 alterius
245 674 361 741 dextm
388 674 672 760 quadrupedantis.
721 675 833 759 Longe
868 677 1057 759 saepissime
1092 677 1166 760 equi
1196 696 1234 743 eo

87 788 228 864 tempore
248 783 324 844 sunt
345 777 433 859 picti,
456 796 520 860 quo
537 777 767 860 posterioribus
780 776 919 860 pedibus
932 777 995 844 ulsi
1010 779 1186 844 anteriores
1202 779 1236 843 in

89 884 185 949 altum
199 880 323 963 tollant,
339 878 416 961 quia
430 880 477 945 sic
488 878 734 962 pulcherrimam
747 881 888 962 speciem
899 881 1055 964 praebent
1067 885 1109 956 (v.
1121 880 1185 945 tab.
1197 879 1235 957 Ι).

87 983 175 1062 Quos
197 987 304 1048 autem
325 980 453 1047 liueolis
475 981 558 1047 iuter
580 1000 615 1048 se
638 983 805 1065 coniunxi,
830 999 885 1048 eos
907 980 1007 1066 pedes
1030 980 1145 1048 eodem
1167 980 1235 1047 iere

90 1093 229 1168 tempore
250 1084 284 1148 in
306 1082 406 1147 altum
427 1081 499 1146 tolli
513 1081 656 1149 lndIcaro
671 1083 769 1149 volui.
808 1083 917 1167 Equus
934 1084 1019 1148 euim
1033 1082 1236 1167 quadrupedi

90 1185 237 1253 incedens
266 1183 332 1249 allo
361 1189 472 1249 tenore
500 1183 600 1267 pedes
625 1185 710 1250 tollit
731 1190 828 1268 atque
850 1185 1011 1268 gradatim
1032 1192 1088 1251 ant
1108 1185 1235 1252 tolutim

90 1295 144 1355 aut
165 1308 212 1371 eo,
233 1305 330 1370 quem
351 1305 410 1352 nos
429 1276 537 1352 ‘Pass’
563 1287 778 1370 appellamus,
800 1287 912 1369 gradu
955 1286 1051 1365 Quod
1073 1307 1150 1354 voro
1173 1287 1237 1358 hoc

91 1393 158 1457 loco
180 1389 320 1455 maxime
343 1394 452 1454 nostra
473 1389 619 1470 interest,
651 1387 743 1454 vides
766 1407 884 1470 equum
906 1391 1035 1455 sinistra
1057 1389 1236 1473 quadrupe·

93 1493 216 1558 daumm
242 1490 389 1556 sinistros
417 1489 533 1572 podes,
563 1495 596 1555 et
623 1491 817 1555 anteriorem
846 1497 878 1556 et
904 1492 1131 1575 posteriorem,
1162 1498 1236 1558 ante

93 1595 233 1674 dexbos,
257 1597 289 1657 ct
310 1591 503 1657 anteriorem
526 1597 559 1656 et
579 1593 805 1675 posteriorem,
828 1611 965 1677 ponere,
988 1613 1106 1676 equum
1128 1599 1237 1659 autem

94 1694 202 1760 dextra
229 1692 526 1776 quadrupedantum
554 1692 685 1759 eosdem
714 1694 846 1761 dextms
874 1694 974 1778 podes
1003 1700 1077 1761 ante
1105 1695 1237 1762 eosdem

94 1798 242 1863 sinistros.
286 1794 359 1860 Hoc
385 1795 479 1877 aigro
508 1795 603 1861 facile
631 1815 757 1879 semper
785 1816 976 1881 cognosces,
1010 1816 1073 1880 qua
1101 1798 1237 1880 quisque

93 1917 188 1981 equum
209 1896 478 1980 quadrupedatim
501 1897 708 1980 ingrediatur.
745 1899 856 1966 Potest
878 1900 975 1964 etiam
998 1917 1099 1981 equus
1118 1904 1236 1965 utrum·

94 2020 152 2083 quo
172 1999 305 2083 gradmu
324 1999 370 2064 ita
385 1999 467 2064 inter
481 2019 516 2065 sc
531 2000 675 2083 miseere,
698 2006 734 2065 ut
748 2001 890 2083 exempli
905 2001 1010 2083 gratia
1024 2001 1237 2068 anterioribus

95 2101 223 2184 pedibus
245 2101 375 2167 sinistra
396 2101 628 2184 quadrupedet,
650 2103 880 2184 posterioribus
896 2103 1090 2168 decussatim
1106 2103 1237 2170 dextra:

97 2204 202 2269 eadem
225 2203 323 2269 etiam
346 2209 457 2269 contra
479 2204 597 2268 valent.
636 2203 730 2269 Hunc
751 2203 886 2286 gradum
907 2223 967 2270 nos
980 2195 1234 2288 ‘Kreuugalopp’

96 2325 248 2370 vocamus.
283 2304 392 2370 Habes
408 2303 501 2370 huius
518 2324 645 2388 quoque
660 2306 692 2370 in
708 2305 901 2387 imaginibus
917 2307 1105 2389 exemplab,
1127 2327 1238 2388 quam·

97 2425 185 2489 quam
213 2406 255 2471 ab
284 2405 444 2488 equitibus
472 2407 690 2489 maximopere
711 2408 899 2489 repudiatur
920 2415 1017 2491 atque
1045 2410 1091 2474 ita
1111 2407 1238 2491 ingredi

98 2509 290 2576 inexercitati
312 2515 345 2572 et
366 2508 442 2590 equi
464 2514 496 2573 ct
517 2509 634 2590 equitis
657 2515 714 2594 est,
737 2510 814 2591 quia
837 2529 934 2593 equos
957 2531 1020 2576 uon
1043 2511 1183 2576 molliter
1203 2516 1239 2577 ut

98 2611 233 2676 incurris
256 2615 417 2693 movetur,
448 2610 506 2676 sed
528 2610 607 2675 dure
635 2613 810 2693 percutitur
838 2631 985 2696 equoque
1015 2615 1118 2696 magis
1148 2614 1237 2678 labo-

99 2711 222 2778 randum
244 2730 299 2792 ac,
328 2729 369 2775 ue
391 2713 527 2793 ungulas
553 2712 701 2795 collidat,
730 2713 907 2779 verendum
929 2716 979 2781 slt.
1024 2716 1114 2782 Haec
1141 2716 1238 2798 igitur

100 2814 240 2898 exempla
260 2832 319 2895 pro
342 2812 543 2879 multitudine
571 2815 735 2881 rarissima
756 2823 843 2881 suut:
874 2818 1062 2899 saepissime
1085 2818 1175 2900 equi,
1205 2823 1240 2881 ut

100 2913 220 2999 debent,
243 2920 330 2981 recte
352 2915 512 2982 incedunt.
557 2914 636 2982 (lum
657 2937 734 2982 vero
757 2937 798 2982 cx
821 2919 885 3000 eis,
914 2938 997 3000 quac
1019 2937 1116 3001 supra
1138 2919 1238 2984 disse·

100 3018 219 3100 ruimus,
242 3017 495 3100 cxspectaudum
509 3017 551 3083 sit
566 3037 666 3100 equos
688 3017 889 3085 decertantes
912 3040 1021 3086 omnes
1044 3039 1171 3102 semper
1193 3021 1240 3085 lta

22 3159 23 3162 =
101 3119 192 3200 pictos
208 3135 289 3200 osse,
313 3125 347 3184 ut
362 3119 491 3185 sinistra
505 3119 758 3202 quadrupedeut,
781 3122 955 3187 nonnullae
975 3122 1132 3205 imagines
1155 3121 1239 3188 hanc

178 3309 202 3368 l)
220 3301 345 3357 Gerhard
362 3302 468 3356 Auserl.
487 3317 526 3370 gr.
547 3302 579 3356 V.
598 3303 654 3356 tab.
673 3301 802 3358 LXXXV
825 3321 909 3372 equus
931 3303 966 3358 ad
990 3304 1126 3359 eiulatram
1149 3305 1239 3374 equite

101 3402 201 3443 vacuus.
235 3385 326 3440 XOIII
349 3387 403 3440 duo
426 3386 488 3454 equi
510 3391 537 3439 et
555 3402 658 3441 ceruus.
695 3386 813 3443 CLXIV.
833 3391 911 3445 GXO.
930 3387 1091 3444 OOLXVIII
1107 3405 1193 3459 equus
1211 3392 1239 3445 in

22 3481 23 3538 l
101 3471 178 3540 clipeo
195 3470 293 3540 pictus¹
322 3469 476 3537 cccxxii,
495 3474 510 3524 2
529 3485 613 3540 equus
633 3470 734 3526 dexter.
763 3471 916 3539 CCCXXX,
935 3478 950 3528 2
969 3475 1127 3544 Hippolytes
1145 3492 1239 3544 equus.

22 3549 23 3552 ’
102 3553 215 3611 Gerhard
238 3554 363 3622 AbbiIdg.
381 3571 416 3608 nu
441 3554 465 3608 d.
484 3570 540 3622 ges.
559 3557 603 3610 alr.
623 3556 739 3624 Abhdlg.
762 3556 928 3611 Berl.1868.
954 3560 1010 3613 tab.
1029 3561 1069 3613 lll
1092 3561 1144 3614 duo
1169 3562 1238 3628 equi

101 3639 236 3709 Inghirami
247 3639 315 3694 Vasi
329 3639 402 3693 tittili
415 3640 449 3695 H.
468 3640 523 3694 tab.
537 3641 624 3696 CXIV
636 3641 754 3709 Pegasus
767 3641 795 3695 iu
813 3641 899 3709 clipeo
912 3644 1010 3710 pictus.
1034 3645 1201 3699 Leuormant
1213 3653 1241 3700 et

102 3723 131 3778 de
144 3721 228 3780 witto
245 3725 289 3780 El.
309 3721 364 3780 cer.
382 3725 418 3780 11.
437 3726 494 3780 tab.
508 3724 569 3779 clx
587 3726 610 3778 B
629 3728 721 3780 dexter
739 3728 884 3795 quadrigae
902 3743 995 3795 equus.
1032 3727 1106 3783 Mon.
1125 3729 1150 3782 d.
1169 3729 1237 3785 Inst.

103 3809 147 3864 vol.
157 3810 228 3865 VIII.
237 3811 294 3864 tab.
304 3809 402 3864 XLIV.
420 3811 471 3864 vol.
482 3809 570 3864 VIIII.
580 3811 635 3864 tab.
647 3810 705 3875 LX,
716 3815 731 3863 2
742 3811 836 3864 dexter
845 3827 938 3880 equus.
957 3813 1007 3866 vol.
1018 3811 1052 3882 X.
1062 3815 1118 3866 tab.
1128 3811 1196 3866 XIII
1206 3815 1238 3869 B.

103 3891 166 3949 XIV.
184 3895 216 3950 L.
242 3893 343 3948 Mltller
361 3895 525 3949 Denkmblcr
543 3899 601 3950 594.
629 3895 700 3949 Mus.
719 3894 799 3962 Greg.
812 3896 863 3950 vol.
877 3895 911 3950 ΙΙ.
930 3896 986 3949 tab.
999 3895 1138 3960 XXXVII,
1159 3902 1195 3950 la
1213 3906 1240 3953 et

105 3975 131 4042 L,
148 3984 182 4034 la
199 3979 260 4049 equi
278 3979 459 4034 consideranti
475 3980 563 4048 primi.
599 3979 710 4034 Videbis
729 3980 809 4034 etiam
831 3981 859 4034 in
877 3980 1056 4035 ParthenonIs
1074 3982 1239 4052 hyperthyro

105 4064 223 4119 nonnulla
240 4063 369 4132 exempla.
397 4063 501 4118 Horum
519 4065 638 4119 omnium
656 4066 840 4133 exemplomm
857 4069 961 4134 partem
973 4080 1028 4119 non
1046 4065 1078 4120 de
1096 4065 1238 4133 industria,

105 4145 146 4198 aad
162 4163 206 4216 per
223 4149 417 4217 neglegendam
434 4149 475 4203 ita
492 4150 526 4203 ab
545 4149 648 4204 artifice
666 4150 767 4217 pictam
786 4166 854 4206 reor.
