3076 5020
302 381 341 439 14
578 385 611 438 A.
639 383 690 438 DE
707 383 947 440 HIPPODROMO
964 384 1165 441 nonnemo.

298 551 425 620 Deinde
447 571 504 638 pro
526 553 581 622 via
601 555 730 640 publica
752 555 847 625 latior
868 556 1008 624 debebat
1035 575 1122 643 esse,
1144 564 1180 624 ut
1201 557 1338 641 quinque
1363 555 1463 640 bigis

299 656 500 724 commodum
522 658 659 742 spatium
682 659 857 744 praeberet.
889 661 982 727 ‘inm
1004 680 1066 726 non
1089 665 1194 745 potest
1215 661 1369 744 intellegi,
1399 679 1464 725 cur

299 756 383 828 dnae
398 759 470 826 viae
484 765 551 826 tam
566 781 665 846 prope
679 761 762 828 inter
783 781 818 829 se
841 766 928 828 reeta
942 763 1072 848 regione
1094 763 1224 830 tulerint
1241 763 1350 848 paullo
1376 770 1463 847 post

298 861 332 929 in
354 883 452 928 unam
474 862 615 930 coiturae
632 861 676 946 (v.
694 864 778 947 330).
815 865 863 930 Re
881 884 958 932 vera
979 865 1106 932 illaria
1127 865 1254 933 omnino
1269 887 1332 932 non
1347 865 1462 951 signi-

298 963 394 1032 ficata
415 965 514 1032 fuisse
532 965 676 1050 putanda
696 970 754 1033 est.
791 967 938 1048 Namque
952 967 1093 1035 Graecos
1108 967 1238 1035 Troiam
1260 967 1461 1034 obsidentes

298 1065 382 1133 alias
398 1067 559 1150 equestria
574 1068 749 1135 certamina
770 1068 831 1136 hoc
853 1069 924 1136 loeo
939 1069 1154 1136 celebravisse
1175 1088 1278 1151 neque
1293 1069 1460 1136 traditum

298 1175 427 1237 estnec
449 1170 633 1256 verisimile,
656 1171 731 1254 quia
745 1171 864 1238 Nestor
885 1171 953 1238 sine
975 1170 1059 1238 iusta
1074 1191 1172 1238 eausa
1194 1170 1235 1238 de
1258 1178 1361 1238 metae
1385 1173 1459 1238 ori-

296 1271 371 1357 gine
387 1271 548 1340 dubitaret
565 1273 609 1354 (ν.
625 1275 682 1338 331
698 1271 793 1358 squ).
825 1273 927 1341 Immo
941 1267 1020 1350 ὁδὸς
1035 1280 1084 1340 est
1099 1291 1139 1338 ea
1152 1273 1215 1357 via,
1239 1295 1303 1358 qua
1317 1275 1460 1343 brevior

297 1375 416 1441 circum
437 1381 557 1441 metam
578 1375 685 1442 animo
706 1375 816 1458 nequit
838 1374 979 1460 cogitari.
1016 1375 1120 1460 Prope
1141 1384 1260 1442 metam
1275 1376 1392 1444 dextra
1419 1383 1458 1444 et

296 1476 427 1544 sinistra
447 1476 502 1543 via
524 1482 712 1544 concurrunt
738 1483 774 1545 ut
794 1477 902 1563 nepita
924 1477 1042 1562 cinguli
1067 1481 1109 1558 (ν.
1131 1481 1192 1543 380
1216 1477 1249 1543 ἐν
1272 1477 1457 1566 ξυνοχῇσιν

296 1573 387 1645 ὁδοῦ.
428 1579 491 1646 Otr.
513 1578 618 1657 Quint.
641 1579 766 1664 Smyrn.
788 1583 821 1644 Δ
835 1583 911 1646 342:
936 1576 969 1644 ἐν
992 1579 1163 1666 ξυνοχῇσιν
1186 1572 1321 1666 ἀγῶνος.
1355 1583 1393 1648 Π.
1416 1583 1456 1645 Δ

300 1687 375 1748 131:
407 1673 469 1746 ὅθι
502 1679 668 1770 ζωστῆρος
700 1677 796 1766 ὀχῆες
824 1679 975 1766 χρύσειοι
1008 1680 1188 1763 σύνεχον)
1202 1685 1232 1760 ¹).
1277 1683 1370 1762 Quod
1404 1683 1454 1750 de

295 1783 466 1852 Antilocho
487 1805 519 1851 ν.
535 1788 595 1851 423
608 1803 656 1867 sq.
678 1783 807 1851 dicitur:

781 1905 1004 1988 παρατρέψας
1025 1901 1077 1986 ἔχε
1097 1902 1249 1988 μώνυχας
1270 1903 1401 1982 ἵππους

470 2001 563 2082 ἐκτὸς
585 2001 674 2091 otoo,
701 1997 813 2092 ὀλίγον
836 2005 872 2072 δὲ
895 2005 1102 2092 παρακλίνας
1124 2003 1267 2087 ἐδίωκεν,

298 2125 348 2191 his
369 2123 477 2192 verbis
498 2131 595 2210 poeta
615 2125 695 2193 nihii
717 2127 805 2194 aliud
820 2125 926 2194 dicere
940 2127 1010 2192 vult
1031 2125 1093 2193 nisi
1111 2127 1201 2194 ilium
1217 2128 1359 2214 paullum
1382 2127 1449 2194 hac

296 2227 351 2296 via
371 2227 562 2312 cogitatione
584 2229 774 2298 brevissima
796 2227 974 2297 excessisse
984 2229 1018 2306 ²).

384 2452 408 2514 1)
426 2448 523 2504 Mirum
542 2447 570 2502 in
587 2447 696 2503 modum
713 2447 877 2504 scholiastae
895 2453 921 2503 et
933 2447 1102 2512 Eustathins,
1120 2462 1137 2501 a
1155 2463 1207 2516 quo
1221 2449 1397 2506 Delabarrius
1416 2451 1445 2504 iu

262 2581 270 2600 ,
295 2533 408 2588 eundern
432 2548 550 2590 errorem
574 2534 706 2590 deductus
730 2548 791 2588 esse
813 2533 932 2599 ridetur,
956 2529 1076 2606 ξυνοχὰς
1094 2529 1163 2590 ὁδοῦ
1186 2535 1219 2589 de
1235 2534 1367 2603 angustiis
1384 2537 1445 2591 viae

295 2619 499 2684 intellexerunt,
522 2634 590 2690 qnae
613 2620 652 2673 iili
675 2619 735 2674 loco
757 2619 940 2687 ineptissimae
960 2619 1093 2688 quomodo
1117 2619 1145 2672 in
1163 2619 1274 2689 planitie
1292 2623 1361 2684 (330.
1381 2625 1444 2688 359)

295 2703 354 2758 fieri
370 2704 509 2772 potuerint
525 2721 580 2759 non
598 2703 741 2774 perspicio.
777 2703 872 2772 Neque
894 2705 966 2760 enim
983 2704 1017 2758 de
1034 2705 1149 2760 collibus
1171 2705 1234 2759 huic
1251 2705 1324 2775 parti
1342 2721 1444 2762 amnne

294 2788 599 2859 imminentibuspoeta
620 2789 704 2844 ullum
727 2787 838 2842 verbnm
859 2787 933 2844 iecit.
969 2789 1027 2844 Fac
1049 2795 1139 2846 autem
1163 2793 1369 2859 praetoremn,
1393 2793 1445 2847 ubi

294 2874 455 2930 Idomeneus
468 2875 543 2930 sedet
554 2878 589 2940 (ν.
602 2878 670 2942 451),
689 2873 756 2929 aiios
768 2890 875 2944 quoque
890 2875 971 2930 colles
990 2875 1084 2942 inisse,
1101 2879 1133 2930 ut
1144 2875 1173 2930 in
1183 2876 1324 2945 permultis
1342 2877 1443 2947 hippo·

295 2960 408 3016 dromis:
433 2964 524 3016 tamen
540 2974 710 3028 nequaqnam
727 2965 782 3014 tam
800 2975 886 3032 prope
902 2961 937 3016 nd
955 2966 1052 3016 metam
1070 2961 1218 3016 accessisse
1235 2962 1349 3032 putandi
1367 2965 1442 3030 sunt,

294 3051 325 3101 ut
343 3046 494 3101 anfractum
512 3046 541 3101 in
553 3046 691 3114 angustias
704 3053 844 3115 cogerent:
863 3045 973 3102 flexuris
992 3045 1062 3100 enim
1074 3046 1175 3101 circum
1187 3052 1285 3100 metam
1303 3046 1371 3115 bigis
1390 3048 1442 3102 ali-

294 3137 425 3202 quantum
448 3131 528 3202 spatii
550 3146 618 3201 opus
641 3137 707 3186 erat.
750 3133 779 3187 Si
801 3133 943 3202 enpustiae
968 3133 1097 3200 inissent,
1124 3147 1208 3201 quare
1231 3131 1333 3188 Nestor
1355 3132 1441 3188 filium

294 3223 399 3286 monet,
423 3233 458 3272 ne
475 3218 552 3288 equis
571 3231 601 3272 se
617 3217 774 3287 permittens
792 3233 841 3288 per
857 3218 971 3272 multum
989 3218 1105 3288 spatium
1123 3217 1178 3272 huc
1200 3217 1265 3272 illuc
1282 3223 1367 3285 erret,
1392 3220 1442 3274 sed

294 3319 379 3373 prope
400 3310 499 3358 metam
521 3303 615 3358 flectat
635 3305 670 3369 (r.
690 3303 836 3370 ero-nost
871 3303 901 3357 Si
922 3318 1007 3372 prope
1029 3306 1129 3358 metm
1151 3318 1206 3357 non
1226 3303 1340 3358 multum
1358 3305 1441 3374 spatii

292 3389 401 3454 fuisset,
420 3391 466 3457 qui
482 3388 571 3458 potuit
588 3388 623 3443 ab
641 3403 673 3443 ea
690 3389 769 3456 longe
786 3388 932 3443 aberrare?
966 3388 1078 3444 Rectior
1093 3388 1176 3456 igitur
1192 3388 1258 3443 mihi
1275 3388 1383 3458 quidem
1400 3389 1439 3444 ui·

293 3473 374 3528 detur
396 3479 514 3528 ueterum
536 3474 597 3540 iila,
620 3489 700 3544 quam
718 3473 880 3530 Eustathius
903 3473 993 3539 affert,
1016 3473 1212 3543 interpretatio:
1235 3469 1310 3532 κατὰ
1334 3475 1363 3533 δὲ
1386 3495 1438 3532 πα-

293 3555 390 3625 λαιοὺς
413 3558 516 3625 εἰπεῖν,
541 3560 640 3629 inquit,
666 3554 772 3631 συνοχή
798 3553 914 3615 ἔστιτὸ
939 3562 997 3614 τῶν
1020 3559 1146 3615 σταδίων
1170 3557 1364 3632 σιχματοειδές
1386 3565 1438 3628 (c),

294 3641 400 3703 ὁποῖον
416 3639 540 3715 μάλιστα
559 3639 593 3701 τὸ
611 3640 685 3702 κατὰ
704 3640 758 3702 τὸν
774 3647 928 3716 καμπτῆρα
946 3640 1040 3701 sirone
1052 3641 1104 3716 τὴν
1119 3638 1240 3710 νύσσαν,
1263 3661 1317 3713 qna
1338 3645 1371 3701 rie
1388 3662 1437 3700 an-

291 3732 387 3800 gnstiis
405 3746 439 3786 no
455 3731 566 3786 verbnm
583 3731 689 3802 quidem
706 3732 746 3786 fit.
780 3730 813 3785 In
831 3729 932 3796 stadio,
952 3729 1000 3784 ubi
1017 3724 1118 3801 ξυνοχὴ
1140 3729 1195 3784 sire
1212 3725 1352 3803 σφενδονὴ
1369 3735 1436 3800 erat

291 3817 330 3871 ibi
347 3816 496 3872 certamina
513 3818 626 3873 stataria
642 3817 758 3885 fiebant,
776 3819 808 3871 ut
824 3815 954 3885 pugilatio
972 3815 1023 3883 Qu.
1042 3815 1146 3885 Smyrn.
1164 3815 1203 3871 lv
1221 3819 1283 3871 342:
1301 3813 1343 3874 ἐνὶ
1360 3821 1435 3884 ξονο-

291 3907 375 3974 χῇσιν
392 3895 513 3975 ἀγῶνος.

378 3992 404 4055 2)
420 3988 549 4044 Eustath.
568 3982 584 4045 ὃ
603 3981 720 4062 ῥωχμὸς
739 3980 755 4044 ὃ
773 3981 827 4043 τὸν
839 3986 991 4044 Μενέλαον
1006 3980 1206 4053 ἄποκωλώσας
1218 3992 1270 4045 τοῦ
1280 3982 1350 4046 κατ’
1368 3981 1435 4047 εὐθὺ

292 4069 409 4146 δρόμου.
444 4074 534 4131 Schoi.
544 4073 612 4130 Van.
625 4074 648 4127 B
659 4077 710 4127 424
722 4088 777 4127 non
788 4078 874 4128 recte:
892 4065 1070 4144 [Ἀντίλοχος]
1083 4070 1116 4130 ἐκ
1128 4077 1176 4145 τῆς
1189 4071 1257 4131 ὁδοῦ
1268 4071 1370 4141 εἰςτὰς
1382 4074 1434 4150 ῥυ-

291 4155 380 4232 γοὶδας
397 4155 501 4218 ἑαυτὸν
518 4156 592 4228 δοὺς,
606 4155 654 4216 ἵνα
667 4154 816 4232 παρελάσῃ
833 4153 887 4215 τὸν
897 4152 981 4224 ἐντὸς
998 4153 1073 4230 ἔχων
1090 4155 1200 4232 δρόμον
1212 4152 1377 4236 ὀρθότερον
1388 4164 1434 4218 καὶ
