3072 5012
300 392 341 452 82
694 391 728 444 Δ.
756 389 807 444 DE
824 387 1060 444 CARGERIBUS.

1507 176 1521 317 i

1512 328 1521 543 ἰ

300 567 374 632 alne
396 564 551 630 stationes
579 567 759 646 postremas
780 561 914 646 pluralis
943 569 1075 647 spectet.
1119 561 1221 629 Porro
1243 580 1306 628 non
1327 559 1433 625 intelle·
1517 584 1528 599 ·*

301 685 420 749 gerem,
444 685 500 732 cnr
521 663 675 748 deinceps
696 669 809 732 auctor
829 665 929 732 verbo
941 660 1046 740 >critic
1067 683 1144 730 usus
1166 669 1261 746 esset,
1283 681 1353 730 cum
1372 661 1435 728 sim·

301 769 429 853 pliciter
450 763 573 852 οἲκημα
593 767 704 833 dicere
724 772 844 850 posset
891 761 993 842 Τάξις
1015 771 1065 832 est
1086 765 1182 846 ordo,
1211 765 1327 846 series,
1352 763 1437 842 acies,

301 889 386 954 qnae
408 889 471 935 non
493 870 535 936 ab
558 889 621 936 nno
643 868 833 951 efficiuntur,
855 867 914 934 sed
936 886 1063 950 semper
1084 867 1275 951 apluribus.
1309 861 1439 946 Πρώτας

302 977 409 1037 antem
433 960 606 1056 ὕσπληγας
633 990 698 1036 non
727 971 907 1053 complures
936 968 1080 1035 eiusdem
1108 969 1182 1034 alae
1208 969 1441 1051 propioribusa

303 1075 429 1157 porticu
451 1072 641 1140 stationibus
662 1076 846 1155 praetentos
861 1070 954 1136 funes
969 1090 1041 1136 esse
1062 1069 1138 1136 inde
1160 1070 1275 1154 eluoet,
1298 1069 1385 1154 quod
1404 1069 1441 1134 eis

304 1176 475 1259 opponitur
497 1171 634 1256 dentigo
654 1169 758 1249 τάξις.
803 1172 890 1256 Ergo
917 1172 959 1238 ab
987 1177 1122 1254 unaque
1150 1171 1263 1256 oppidi
1284 1173 1339 1236 ala
1358 1171 1442 1237 simul

303 1279 436 1343 missum
466 1295 537 1344 csse
565 1296 629 1343 non
657 1281 764 1359 potest
783 1274 906 1358 negari.
951 1271 1106 1340 Similiter
1130 1278 1260 1357 peceat,
1289 1273 1376 1356 quod
1396 1273 1443 1337 dn·
1527 1309 1528 1400 p

303 1378 396 1460 bitat,
418 1397 495 1444 num
519 1379 650 1445 sinistra
670 1379 725 1444 ala
746 1375 875 1442 omnino
897 1375 1052 1442 stationes
1080 1374 1271 1458 habuerit1),
1299 1395 1372 1442 cunr
1392 1373 1445 1440 hoc
1527 1441 1528 1446 ,

303 1485 415 1545 auctor
441 1479 561 1562 plurali
585 1485 699 1562 aperte
727 1478 848 1544 indicet
869 1481 940 1554 (112
961 1468 1175 1563 ᾠκοδόμηται
1197 1473 1234 1542 dl
1256 1473 1291 1540 iv
1313 1467 1445 1550 αὐταῖς

306 1576 403 1666 [ταῖςἸ
420 1576 592 1666 πλευραῖς]
623 1577 811 1664 οἰκήματα).
863 1580 908 1648 Ut
935 1584 1043 1645 antem
1072 1578 1119 1644 ibi
1146 1597 1274 1662 qnoque
1304 1580 1446 1647 stationes

303 1683 436 1766 tuerint,
465 1681 508 1748 ad
537 1701 632 1766 quem
659 1703 752 1750 nsum
781 1701 836 1748 ens
867 1681 1065 1765 spectavisse
1098 1688 1244 1764 censeat,
1277 1680 1446 1747 videamus.

305 1783 478 1849 interduo
500 1782 557 1849 dat
579 1785 755 1867 optionem:
777 1790 834 1850 ant
855 1784 889 1849 in
904 1784 952 1850 eis
965 1789 1095 1866 paratos
1116 1785 1358 1867 exspectavisse
1378 1801 1447 1864 ago·

304 1885 406 1950 nistas
428 1887 576 1968 proximo
599 1887 772 1952 certamine
796 1892 987 1967 certaturos,
1016 1884 1121 1952 donec
1142 1885 1370 1952 dextrae'alae
1392 1891 1448 1950 sta·

306 1987 409 2052 tiones
431 1988 473 2052 ab
487 1985 690 2053 antecedenti
705 1989 805 2056 missu
822 1988 1086 2070 relinquerentur,
1108 1993 1145 2052 ut
1164 1993 1233 2052 tum
1254 1987 1289 2052 in
1311 1985 1361 2054 his
1380 2006 1449 2052 oon·

307 2088 472 2172 sisterent,
500 2094 557 2153 ant
577 2107 636 2170 pro
657 2089 834 2172 frigidariis
863 2089 963 2154 fuisse
992 2087 1039 2153 eis
1066 2089 1174 2172 equis,
1203 2088 1259 2172 qui
1282 2089 1451 2154 conatione

307 2191 373 2255 iam
402 2189 622 2256 desudassent.
670 2190 777 2269 (Quod
806 2190 900 2256 dicit:
927 2182 990 2255 ‘als
1018 2188 1202 2255 Kohlstclle
1230 2190 1282 2255 fur
1309 2189 1363 2255 die
1390 2208 1451 2271 ge·

307 2291 416 2374 siegt
431 2289 601 2356 habenden
616 2285 761 2376 Plerde',
784 2291 845 2358 hoc
860 2290 1082 2373 neglegentius
1104 2311 1200 2374 quam
1215 2292 1324 2358 verius
1339 2291 1453 2356 dictum

307 2392 466 2470 arbitror.)
510 2391 605 2468 Quod
632 2395 746 2460 attinet
772 2393 816 2459 ad
843 2393 933 2458 illam
960 2393 1101 2475 priorem
1127 2394 1333 2476 sententiam,
1362 2413 1453 2476 quam

307 2495 378 2560 veri
405 2494 505 2558 multo
535 2495 722 2562 similiorem
744 2497 806 2562 sibi
828 2494 933 2560 videri
955 2495 1024 2578 ipse
1046 2495 1107 2574 ait,
1138 2495 1235 2560 valde
1260 2496 1373 2578 miror,
1403 2496 1454 2578 qni

307 2597 359 2660 vir
381 2595 467 2660 omni
488 2596 600 2660 talium
621 2616 728 2662 rerum
750 2597 950 2680 experientia
973 2602 1101 2662 ornatus
1125 2602 1191 2661 tam
1212 2597 1296 2662 falsa
1317 2599 1454 2680 proferre

308 2698 457 2780 potnerit.
508 2695 621 2778 Neque
649 2699 735 2763 enim
764 2699 790 2764 si
820 2718 888 2764 rem
917 2705 1023 2764 mente
1056 2697 1243 2780 diligentins
1272 2700 1454 2782 volntassct,

309 2818 383 2864 enm
412 2797 547 2880 fugisset
574 2799 753 2883 agonistas,
783 2819 856 2867 cum
884 2819 926 2866 ex
954 2799 1091 2868 sinistris
1121 2800 1238 2866 circum
1268 2807 1406 2867 rostrum
1426 2802 1456 2866 in

309 2901 442 2966 dextras
464 2899 618 2965 stationes
647 2919 746 2984 equos
768 2902 985 2983 derexissent,
1013 2901 1158 2967 inversos
1187 2902 1221 2966 in
1250 2900 1300 2967 his
1323 2903 1456 2985 stetisse,

310 3011 345 3068 nt
374 3002 448 3085 eqni
477 3019 540 3066 non
569 3001 603 3066 in
637 3004 843 3083 curriculum,
877 3021 989 3068 verum
1017 3003 1050 3067 in
1083 3002 1238 3086 oppidum
1265 3005 1456 3087 spectarent!

310 3105 409 3170 Erant
431 3103 528 3187 igitur
555 3103 588 3168 in
610 3103 689 3186 ipsis
711 3105 901 3171 stationibus
930 3110 1014 3170 retro
1036 3103 1202 3186 flectendi,
1231 3104 1320 3190 qnod
1341 3108 1457 3190 aurigis

311 3213 397 3272 certe
427 3210 558 3287 propter
585 3206 682 3288 spatii
710 3207 875 3290 angustias
897 3227 961 3272 non
984 3206 1111 3272 licebat.
1156 3206 1193 3272 Si
1214 3213 1321 3274 antem
1345 3210 1458 3274 extrin-

312 3327 404 3373 secus
427 3326 469 3370 ex
491 3325 598 3387 arena,
621 3327 684 3372 non
700 3327 742 3373 ex
757 3308 877 3391 oppido
899 3309 932 3373 in
953 3309 1098 3374 sinistras
1112 3308 1267 3376 stationes
1289 3316 1322 3375 et
1344 3309 1458 3376 deinde

311 3427 369 3490 per
399 3406 551 3488 oppidum
581 3409 613 3472 in
642 3407 773 3476 dextras
806 3429 841 3476 se
870 3409 1091 3492 contulissent,
1125 3416 1212 3476 recte
1240 3411 1373 3494 quidem
1401 3420 1458 3479 ste·

312 3510 441 3588 tierent,
470 3506 529 3573 sed
551 3528 656 3574 nonne
683 3511 784 3577 satius
806 3518 876 3577 erat
904 3518 937 3578 et
956 3511 1086 3578 brevius
1112 3513 1239 3578 omissis
1261 3514 1399 3582 sinistris
1422 3529 1460 3581 ex

312 3612 383 3694 ipso
417 3608 537 3692 oppido
570 3611 604 3674 in
640 3608 771 3677 dextros
807 3633 951 3679 carceres
988 3611 1122 3679 invehi?
1170 3613 1354 3696 Frigidaria
1386 3637 1460 3683 vero

313 3713 446 3796 equina,
475 3710 563 3796 quod
588 3711 727 3779 sciamus
734 3760 742 3793 ,
772 3733 793 3778 a
820 3720 965 3781 veterum
994 3735 1054 3780 usu
1081 3716 1190 3781 aliena
1217 3724 1316 3782 erant
1360 3719 1460 3786 Immo

313 3815 403 3898 eqni,
433 3813 488 3879 ubi
510 3813 751 3898 laboraverant,
779 3815 823 3880 ad
845 3815 1015 3881 volutabra
1042 3816 1240 3883 ducebantur
1260 3817 1356 3894 (Xen.
1373 3820 1414 3886 de
1427 3811 1460 3888 re

312 3937 386 4000 equ.
404 3916 430 3981 V
447 3917 480 3980 3:
503 3911 628 3978 εἰδέναι
650 3912 686 3979 δὲ
705 3911 766 4000 χρὴ
789 3910 849 3980 τὸν
872 3914 1064 3998 ἱπποκόμον
1081 3919 1137 3982 καὶ
1159 3919 1218 3983 τὸν
1239 3917 1345 4005 κημὸν
1367 3945 1461 4002 περι-

319 4051 520 4062 --.-.-

401 4137 425 4198 1)
442 4147 469 4200 p.
484 4124 640 4185 332‘Hatte
658 4131 701 4186 die
717 4132 792 4186 linke
810 4133 882 4188 Seite
900 4133 1053 4202 uberhaupt
1071 4127 1231 4191 Oikemate.'
