3072 5012
484 395 519 448 A.
547 394 597 448 DE
616 393 853 451 GARCERIBUS.
1206 399 1245 458 81

67 565 219 650 cepisse
240 573 340 651 putet,
364 568 420 649 qni
435 567 478 632 ad
493 587 590 633 unam
612 568 811 652 eandemque
830 570 1038 636 certationem
1060 573 1094 636 in
1115 591 1245 638 arenam

68 667 346 750 descendissent,
371 689 426 736 eos
448 690 512 735 non
535 690 598 736 nno
614 670 781 736 universos
799 670 908 755 missu,
932 672 990 737 sed
1005 673 1150 755 pluribus
1173 695 1246 740 oon·

68 771 189 837 tinnis
221 771 337 837 missos
367 789 437 838 esse
460 772 505 836 ita
527 770 675 853 quidem,
703 777 738 836 ut
766 772 869 854 primo
897 776 1051 855 postremi
1076 775 1246 858 utrobique

68 871 227 937 totidem
251 892 289 938 eo
313 872 419 955 modo,
443 891 506 955 quo
521 873 605 937 dixit
619 872 808 955 Pausanias,
829 875 1037 959 mitterentur,
1060 877 1245 961 novissime,

69 973 136 1038 nbi
172 974 223 1038 illi
248 972 290 1039 ad
319 980 455 1040 rostmm
478 993 541 1038 uno
569 974 682 1039 ordine
710 975 880 1057 exaequati
908 979 1145 1061 pervenissent,
1174 999 1245 1062 pro·

70 1075 167 1140 ximi
193 1075 235 1141 ab
259 1076 401 1141 embolo:
430 1077 478 1142 sic
500 1094 562 1140 non
585 1095 648 1140 nna
670 1082 800 1142 cunctos
823 1083 997 1160 certantes,
1019 1079 1077 1144 sed
1099 1081 1245 1162 pluribus

72 1177 251 1242 continuis
280 1178 436 1243 frontibus
466 1177 653 1244 decurrisse.
696 1169 884 1261 ‘Denique’,
913 1181 959 1244 ait
978 1173 1107 1262 ‘quibus
1130 1181 1245 1248 adver-

72 1279 221 1344 sissima
243 1299 311 1344 sors
334 1278 491 1345 cecidisse
512 1280 585 1345 visa
608 1285 703 1361 esset,
726 1281 863 1361 optimas
886 1283 1040 1348 stationes
1062 1286 1243 1367 accepisse,

73 1381 208 1461 quibus
230 1387 338 1446 autem
361 1381 501 1445 maxime
518 1401 586 1447 sors
602 1382 745 1464 favisset,
767 1383 967 1465 iniquissima
987 1405 1060 1450 usos
1077 1405 1148 1452 esse
1171 1408 1244 1453 con-

73 1481 230 1565 dicione,
254 1501 350 1564 quam
373 1502 428 1548 eos
450 1483 555 1564 perita
574 1483 794 1549 moderatione
817 1503 970 1566 equorum
993 1507 1150 1570 cursuque
1165 1495 1244 1554 tem·
1347 1516 1354 1526 ·

74 1584 217 1666 pestive
246 1585 300 1648 vel
326 1584 534 1665 temperando
564 1586 617 1650 vel
645 1586 807 1651 incitando
836 1587 987 1652 debuisse
1009 1581 1243 1672 compensare'.

76 1683 187 1761 Quod
202 1685 363 1767 quomodo
379 1685 441 1750 sibi
457 1692 563 1750 mente
579 1687 777 1770 cogitaverit,
793 1707 918 1770 nequeo
934 1691 1132 1771 perspicere:
1156 1690 1244 1758 dictu

76 1786 170 1850 mihi
195 1794 281 1852 certe
303 1787 430 1852 facilius
452 1786 580 1852 videtur
602 1809 673 1854 esse
696 1809 792 1871 quam
808 1790 903 1855 factu.
938 1790 1097 1872 Equidem
1119 1792 1147 1856 si
1162 1813 1243 1858 unus

78 1907 125 1952 ex
153 1889 204 1954 eis
226 1889 367 1971 fuissem,
391 1888 446 1971 qui
469 1889 622 1954 stationes
645 1909 744 1973 prope
766 1893 808 1956 ad
828 1893 990 1957 embolum
1006 1894 1109 1958 sortiti
1125 1902 1241 1978 essent,

79 1991 199 2056 statim
223 2009 348 2056 cursum
369 1988 532 2055 flexissem
556 1997 588 2055 et
601 1993 725 2073 porticu
740 1994 881 2074 Agnapti
896 1993 1010 2059 relicta
1025 1995 1134 2076 iugum
1151 1997 1242 2077 equis
1316 1981 1318 1986 X

78 2091 313 2175 dempsissem.

91 2261 96 2266 ,
176 2193 280 2258 Venio
308 2212 392 2257 nuno
420 2192 461 2257 ad
484 2191 857 2276 Lehndorffium,
887 2214 982 2277 quem
1012 2197 1072 2260 etsi
1102 2199 1243 2262 omnium

80 2315 196 2362 rerum
220 2294 262 2360 ad
284 2301 412 2359 nostrae
440 2295 556 2358 aetatis
585 2296 743 2360 curricula
765 2296 991 2377 pertinentium
1013 2297 1241 2378 peritissimum

82 2417 160 2464 esse
184 2396 272 2463 hand
287 2396 410 2479 ignoro,
433 2395 625 2460 Pausaniam
648 2396 908 2478 interpretantem
923 2417 1124 2480 nequaquam
1141 2402 1241 2466 omni-

83 2500 148 2566 bus
179 2519 221 2564 ex
249 2498 394 2580 partibus
422 2517 552 2580 possum
581 2499 799 2580 comprobare.
845 2500 962 2581 Multa,
991 2519 1073 2581 quae
1098 2503 1240 2582 protulit,

85 2621 161 2667 eum
178 2599 502 2666 choiseul-Goulos
523 2601 681 2665 sententia
703 2601 750 2666 sic
770 2602 972 2683 conveniunt,
995 2607 1030 2666 ut
1051 2601 1156 2684 mirer,
1179 2604 1240 2669 nisi

84 2704 128 2770 ab
151 2705 210 2768 illo
233 2703 393 2784 profectus
415 2702 467 2766 sit.
511 2703 659 2766 Konerus
681 2702 714 2766 in
737 2703 912 2768 novissima
940 2703 1046 2784 operis
1072 2705 1122 2768 sni
1144 2725 1241 2787 supra

85 2804 213 2870 laudati
230 2803 370 2868 editione
385 2805 453 2870 eius
468 2805 658 2868 sententiam
675 2810 802 2870 secutus
825 2805 965 2886 imagine
989 2804 1052 2886 (fig.
1072 2807 1144 2881 164)
1167 2807 1240 2872 illu-

85 2908 213 2972 stravit.
258 2904 337 2970 Cum
367 2907 474 2970 multis
501 2907 642 2988 priorum
665 2905 887 2972 Lehndorlfius
916 2907 1026 2988 aliqua
1054 2907 1086 2969 in
1108 2926 1142 2971 re
1165 2927 1240 2972 con·

85 3010 198 3074 sentit:
229 3027 300 3072 cum
329 3007 540 3091 Delabordio,
576 3009 661 3090 quod
690 3009 847 3091 porticum
876 3013 908 3072 et
936 3007 1047 3089 oppidi
1078 3008 1169 3073 basin
1197 3011 1239 3074 ab

84 3111 190 3176 altero
214 3107 257 3173 ad
271 3110 406 3174 alterum
420 3109 596 3190 marginem
614 3108 819 3192 hippodromi
842 3109 995 3190 extendit,
1019 3129 1091 3174 cum
1107 3109 1238 3175 Viscon-

86 3213 141 3295 tio,
166 3209 254 3294 quod
270 3211 430 3291 margines
445 3231 515 3275 cum
531 3211 655 3293 porticu
670 3211 872 3292 reetangulos
887 3209 1036 3292 efficiunt,
1054 3218 1088 3274 ut
1102 3218 1239 3277 rostrum

84 3319 200 3379 eontra
227 3313 330 3394 ipsam
358 3317 478 3376 metam
506 3312 689 3377 interiorem
720 3313 816 3377 situm
849 3313 905 3394 sit,
939 3331 1010 3376 cum
1038 3310 1237 3380 choisenlio-

86 3413 241 3496 Gonffier,
265 3413 351 3496 quod
373 3434 393 3478 a
415 3412 530 3478 dextra
552 3418 673 3477 tantum
689 3414 742 3478 ala
757 3415 863 3479 mittit.
897 3414 968 3479 Hoc
990 3434 1010 3479 a
1032 3415 1139 3480 verbis
1155 3415 1237 3482 Pan-

7 3565 8 3568 ,
85 3516 215 3597 saniae,
246 3517 335 3581 cuius
356 3514 454 3579 fidem
477 3515 560 3580 insto
582 3515 714 3581 minoris
736 3516 904 3598 aestimat,
932 3522 1043 3597 aperte
1066 3517 1236 3600 discrepat.

85 3618 171 3683 Nam
196 3617 281 3700 quod
304 3615 488 3682 Choiseulio
518 3621 560 3698 (p.
577 3618 651 3690 235)
674 3618 886 3700 adstipulatus
909 3614 1098 3681 adverbium
1124 3613 1237 3680 ἑκατέ-

7 3723 8 3768 t
85 3722 200 3802 ρωθεν
215 3721 261 3784 ita
275 3718 433 3799 intellegit
448 3719 490 3800 (p.
507 3721 569 3801 30),
593 3726 627 3782 ut
641 3718 774 3784 funiculi
790 3718 924 3798 singulis
940 3719 1129 3783 stationibus
1144 3737 1236 3800 prae-

85 3821 168 3886 tenti
188 3819 230 3885 ab
252 3827 387 3903 utroque
408 3819 472 3885 fine
493 3820 619 3884 remissi
641 3820 718 3902 sint,
746 3820 890 3902 neglexit
910 3820 1067 3901 pluralem
1092 3817 1127 3881 ai
1150 3816 1236 3900 πρὸς

7 3909 9 3988 ἶ
85 3925 126 4007 τῇ
151 3922 234 4006 ucoqi
256 3923 297 4006 τῇ
315 3913 506 4003 Ἀγνάπτου
529 3911 704 4006 ὕσπληγες.
749 3921 828 3986 (lum
856 3927 963 3987 antem
989 3922 1022 3984 in
1046 3921 1160 3986 dextra
1183 3923 1236 3987 ala

7 4055 8 4058 ¹
85 4043 151 4088 una
173 4030 295 4110 tantum
318 4024 413 4089 statio
435 4023 571 4104 portioni
595 4013 744 4104 contigua
767 4029 799 4087 et
828 4023 902 4088 huic
931 4023 1059 4088 stationi
1082 4042 1145 4087 una
1168 4032 1235 4087 tan·

7 4111 9 4162 l
85 4133 153 4191 tum
176 4121 309 4209 ὕσπληξ
328 4131 495 4206 praetenta
517 4125 571 4200 sit,
594 4123 663 4188 fieri
686 4145 748 4189 non
769 4130 884 4206 potest,
908 4125 984 4206 quin
1006 4123 1048 4188 ad
1070 4126 1235 4207 utriusque

7 4293 9 4342 y
136 4232 261 4274 Pollaok.
1016 4227 1031 4275 6

7 4367 8 4408 l
