3076 5020
378 383 412 436 Δ.
439 383 489 438 DE
509 385 748 446 HIPPODROMO
766 384 967 440 HOMERICO.
1209 386 1248 444 15

185 557 342 636 Quoniam
375 557 416 625 de
443 565 548 627 metae
580 559 703 627 ratione
736 579 818 642 quae
845 558 1037 645 gravissima
1066 562 1144 643 puto
1177 578 1247 643 pro·

85 663 210 729 tulisse
238 660 315 726 milri
343 660 471 746 videor,
501 663 680 747 proximum
703 669 767 746 est,
798 667 831 727 ut
853 660 894 729 de
918 680 1027 727 cursus
1049 665 1081 726 et
1102 659 1192 727 initio
1216 667 1247 728 et

88 763 162 831 fine
185 764 298 829 dicam.
344 763 501 847 Aurigae,
523 767 692 847 postquam
714 764 747 830 in
770 783 877 830 currus
901 762 1125 848 escenderunt,
1153 784 1246 846 quem

90 868 235 950 quisque
264 866 367 932 locum
398 865 527 931 sortitus
554 873 617 950 est,
648 887 720 933 cum
751 872 885 950 occupat
913 865 956 951 (v.
974 869 1035 930 352
1050 864 1143 949 sqq).
1188 866 1249 932 Hic

90 991 171 1036 mos
192 969 344 1034 stationes
359 966 511 1034 sortiendi
527 968 558 1033 in
575 969 720 1035 omnibus
736 968 933 1051 antiquitatis
949 969 1112 1034 curriculis
1135 969 1247 1035 obvius

91 1071 170 1154 (cfr.
183 1090 252 1154 cap.
265 1071 322 1134 ID
336 1077 368 1135 et
380 1071 425 1135 III
437 1071 473 1135 A.
495 1072 598 1137 Nom,
610 1071 705 1137 Dion.
717 1071 873 1137 XXXVII
885 1073 961 1136 226:
983 1073 1039 1136 καὶ
1059 1076 1173 1159 κυνέης
1196 1071 1247 1137 ’έν-

89 1177 223 1238 τοσθεν
252 1170 461 1258 ἒθήμονος
491 1167 591 1250 ἄλλος
619 1166 675 1238 ἐπ’
703 1169 793 1258 ἄλλῳ
813 1173 817 1255 Ι
836 1171 964 1260 τυφλὴν
989 1187 1085 1260 χεῖρα
1109 1180 1246 1241 sicurae.

92 1276 198 1360 Soph.
213 1275 261 1342 El.
275 1278 432 1342 709-11.
467 1275 547 1342 Stat.
563 1277 663 1344 Theb.
680 1277 724 1341 VI
739 1279 810 1341 389.
844 1277 939 1343 Paus.
955 1277 997 1343 VI
1013 1282 1064 1359 20,
1082 1275 1134 1358 11)
1150 1278 1247 1344 etiam

92 1377 139 1444 ad
170 1385 280 1444 nostra
307 1384 451 1462 tempora
479 1382 624 1446 servatus
653 1384 702 1446 cst
731 1385 763 1445 et
785 1378 872 1463 apud
900 1399 958 1447 nos
989 1378 1119 1462 quidem
1147 1381 1247 1446 multo

93 1480 196 1547 etiam
217 1481 289 1565 plus
311 1480 417 1565 valet,
445 1481 520 1566 quia
541 1502 599 1548 nos
621 1480 797 1564 aequandis
820 1482 1073 1565 condicionibus,
1096 1482 1182 1565 quod
1204 1482 1247 1549 ad

94 1584 222 1665 equites
237 1587 312 1649 ante
327 1604 453 1651 cursum
476 1584 679 1652 collocandos
694 1584 816 1669 attinet,
840 1605 903 1650 non
924 1604 995 1650 eam
1010 1604 1105 1667 quam
1120 1591 1246 1652 veteres

93 1706 229 1770 operam
252 1707 417 1754 navamus.
462 1688 498 1752 In
521 1685 638 1754 nostris
660 1687 744 1754 enim
768 1687 930 1753 curriculis
957 1707 1066 1754 omnes
1088 1693 1246 1754 certantes

95 1809 163 1855 una
184 1795 272 1856 recta
298 1791 402 1856 ironte
425 1789 615 1874 consistunt,
645 1809 727 1872 quae
757 1795 887 1874 propter
915 1811 1063 1875 magnam
1094 1810 1246 1872 equorum

96 1891 342 1959 concitationem
371 1913 434 1960 non
463 1892 531 1959 sine
554 1894 619 1960 ullo
649 1891 789 1974 equitum
817 1894 927 1960 labore
959 1893 1043 1959 effici
1073 1894 1170 1961 solet:
1200 1893 1247 1958 ita

97 1993 250 2060 exteriori
277 1994 497 2081 spatiosiorem
527 1994 677 2060 circulum
705 1993 953 2078 percurrendum
981 2015 1052 2061 esse
1082 2015 1177 2078 quam
1199 1997 1245 2062 in-

97 2097 207 2165 teriori
229 2098 439 2183 neglegimus,
462 2115 654 2179 quamquam
677 2097 738 2163 hoe
760 2096 929 2163 discrimen
951 2097 984 2163 in
1007 2098 1166 2180 equitibus
1188 2098 1244 2165 mi·

98 2219 158 2267 nus
180 2200 289 2267 valere
312 2199 549 2267 concedendum
571 2205 635 2283 est;
665 2220 738 2266 nam
760 2201 868 2282 paullo
894 2206 968 2282 post
988 2199 1112 2266 initium
1135 2220 1244 2267 cursus

98 2323 209 2370 omnes
231 2303 373 2370 interiori
401 2302 535 2386 margini
563 2300 774 2368 adhaerentes
802 2300 938 2367 videbis.
983 2302 1100 2367 Verum
1122 2302 1154 2368 in
1177 2323 1244 2369 cur·

98 2425 188 2471 ruum
205 2405 387 2491 certatione,
407 2406 523 2489 quippe
540 2404 674 2487 quitum
690 2408 758 2470 arte
774 2424 869 2487 quam
886 2402 1008 2486 equites
1024 2405 1105 2470 inter
1120 2425 1155 2471 se
1171 2426 1243 2472 eon-

99 2507 204 2576 fereiri
225 2514 394 2592 nequeant,
417 2506 572 2574 eiusmodi
595 2506 730 2591 simplex
754 2506 920 2592 dispositio
943 2505 1143 2589 iniquissima
1165 2513 1242 2575 erat.

99 2613 212 2693 Itaque
227 2609 352 2695 Graeci,
375 2616 410 2676 ut
424 2618 514 2677 erant
529 2610 699 2693 aequitatis
715 2610 747 2676 in
762 2610 925 2676 curriculis
940 2609 1172 2694 studiosissimi,
1197 2610 1244 2676 sic

100 2719 272 2780 certaturos
295 2731 403 2778 currus
425 2712 670 2795 collocaverunt,
693 2717 728 2778 ut
743 2712 891 2778 dextrum
907 2731 1004 2777 cornu
1027 2718 1149 2779 tantum
1171 2735 1243 2798 pro-

100 2817 248 2900 mineret,
277 2822 395 2898 quanto
424 2816 496 2900 plus
525 2814 621 2898 spatii
650 2814 680 2880 ei
703 2813 745 2879 ad
767 2821 884 2880 metam
907 2815 1152 2898 percurrendum
1175 2822 1243 2882 erat

101 2937 194 3001 quam
217 2919 358 3000 sinistro,
381 2918 414 2983 id
437 2917 538 3001 quod,
565 2917 621 2982 ubi
643 2919 742 2983 semel
764 2922 887 2983 tantum
910 2917 1175 3002 circumcurritur,
1197 2917 1243 2983 ibi

101 3022 193 3089 facile
221 3020 289 3086 fieri
319 3023 432 3105 potest.
475 3020 568 3084 Hanc
597 3017 839 3087 collocationem
865 3021 1022 3086 Homerus
1050 3041 1080 3086 v.
1103 3024 1163 3085 358
1193 3019 1243 3087 his

102 3123 204 3191 verbis
226 3121 397 3206 significat:
427 3118 508 3186 στὰν
531 3120 567 3187 δὲ
593 3127 786 3205 μεταστοιχί
813 3120 844 3186 h.
861 3141 889 3186 e.
913 3123 1045 3205 obliqua
1066 3124 1186 3207 fronte,
1208 3128 1244 3189 ut

103 3247 161 3310 quo
191 3226 324 3309 quisque
355 3224 566 3291 dexteriorem
595 3224 763 3291 stationem
785 3225 914 3290 sortitus
943 3233 1042 3309 esset,
1072 3246 1110 3292 eo
1140 3226 1243 3310 magis

103 3329 299 3413 promineret.
344 3327 452 3393 Reicio
473 3327 570 3409 igitur
593 3326 778 3392 Doederlini
799 3326 1092 3412 interpretationem
1112 3322 1242 3395 ‘uehen-

103 3421 265 3497 einander'
284 3428 439 3512 (Glossar.
455 3431 547 3496 Hom.
565 3429 624 3495 No.
641 3427 748 3511 2050).
784 3430 854 3495 Hoc
869 3429 954 3495 enim
976 3431 1004 3495 si
1025 3436 1122 3516 poeta.
1137 3429 1243 3498 dicere

103 3533 267 3615 voluisset,
299 3529 473 3618 στοιχηδὸν
506 3532 574 3598 sive
603 3529 660 3597 inl
695 3529 806 3612 στιχὸς
834 3531 903 3598 sive
936 3526 1110 3614 ὁμόστιχοι
1137 3535 1243 3619 potius

103 3635 246 3702 dixisset:
279 3654 351 3701 cum
382 3654 459 3701 vero
492 3637 711 3717 μεταστοιχὶ
744 3633 922 3718 usurpavit,
955 3656 1019 3701 non
1053 3634 1148 3701 modo
1184 3632 1242 3700 inl

104 3741 229 3818 στίχων,
252 3736 311 3802 sed
327 3739 423 3804 etiam
439 3737 589 3821 deinceps
612 3756 666 3803 eos
688 3739 815 3804 stetisse
830 3736 937 3803 dicere
952 3737 1061 3820 voluit,
1085 3756 1143 3802 neo
1165 3757 1242 3802 vero

103 3841 152 3923 ita,
175 3846 209 3905 ut
231 3839 423 3906 scholiastae
439 3859 574 3921 cumque
597 3839 643 3906 eis
657 3839 842 3906 Eustathius
865 3830 1092 3924 cogitaverunt.
1131 3839 1243 3921 Neque

105 4073 216 4150 φθάσῃ
235 4073 292 4134 ἐπὶ
310 4097 373 4133 τον
389 4079 584 4149 καμπτῆρα.
613 4071 628 4133 d
642 4076 671 4133 el
685 4076 834 4144 Μενέλαος
846 4071 899 4133 τὸν
911 4069 1127 4147 ἀσφαλέστερον
1139 4071 1241 4146 ἤλαυνε

105 4159 214 4236 δρόμον.
249 4162 372 4232 Namque
388 4166 487 4218 meam
504 4168 617 4232 uterque
635 4163 688 4217 iam
705 4163 851 4233 superavit.
