3076 5020
694 1165 733 1229 D.

386 1313 447 1396 oh
473 1313 769 1397 HIPPODROMO
797 1314 1037 1397 orsmaro.

549 1465 645 1531 (Theb.
663 1465 703 1520 vl
721 1470 876 1532 roo-sca.)

222 1641 272 1706 Ne
288 1639 425 1706 Statium
446 1639 576 1723 quidem
591 1641 768 1724 periculum
784 1658 860 1704 snae
876 1640 990 1705 aetatis
1006 1659 1097 1704 usum
1113 1640 1289 1706 circensem

135 1742 334 1825 descriptoni
357 1742 551 1807 Nemeorum
573 1743 606 1806 in
623 1740 812 1806 Archemori
834 1739 963 1805 laudem
986 1743 1123 1824 primum
1146 1742 1289 1807 celebra·

135 1850 241 1910 torum
264 1843 317 1909 hic
342 1844 409 1909 illio
437 1843 638 1910 immiscendi
667 1843 806 1908 evitasse
835 1862 1028 1925 quamquam
1051 1845 1108 1909 vix
1131 1844 1288 1926 estquod

135 1967 270 2028 urgeam
293 1946 326 2010 in
341 1965 465 2011 summa
479 1946 544 2011 illis
561 1944 756 2027 temporibus
773 1944 961 2010 circensium
976 1944 1124 2010 ludorum
1139 1947 1287 2028 frequen·

135 2051 199 2134 tia,
222 2056 330 2113 tamen
351 2053 401 2129 ut,
424 2047 479 2130 qui
502 2053 534 2113 et
556 2046 663 2130 quoad
685 2046 720 2110 id
742 2045 870 2127 fecerit,
900 2048 1079 2112 accuratius
1102 2068 1287 2130 cognoscas,

136 2151 281 2232 singulas
302 2170 354 2216 res
376 2150 562 2232 diligentins
590 2148 797 2215 considerans
826 2166 991 2213 secernere
1014 2149 1163 2215 conabor.
1207 2147 1288 2215 Onm

135 2271 190 2317 res
213 2250 379 2317 Thebaide
408 2258 574 2317 enarratae
603 2251 767 2332 aliquanto
796 2256 870 2314 ante
896 2250 1015 2315 bellum
1039 2251 1212 2316 Troianum
1235 2271 1287 2316 ao·

136 2354 284 2436 uiderint,
307 2354 375 2418 iure
398 2358 622 2435 exspectamus
645 2351 890 2434 hippodromum
905 2352 933 2417 si
948 2372 1011 2442 non
1027 2352 1197 2418 Homerico
1214 2353 1287 2418 sim·

135 2456 316 2539 pliciorem,
339 2459 480 2520 atcerte
503 2455 532 2519 ei
554 2474 665 2537 parem
687 2454 796 2519 fuisse.
833 2453 951 2518 Verum
966 2455 1059 2519 aliter
1074 2475 1124 2520 res
1140 2473 1175 2520 se
1191 2454 1289 2520 habet

135 2557 225 2641 apud
247 2555 426 2639 Papinium.
470 2556 549 2622 Eius
572 2557 657 2621 enim
679 2556 786 2620 animo
816 2555 1001 2637 posterioris
1030 2557 1145 2622 aetatis
1175 2555 1288 2640 hippo-

135 2660 269 2725 dromus
292 2658 480 2723 obversatus
503 2665 560 2739 est,
585 2678 657 2752 cum
680 2656 759 2723 dicit
780 2677 833 2722 vv.
851 2660 1013 2722 255-60:

183 2777 327 2843 Collibus
349 2777 490 2842 incurvis
512 2775 674 2857 viridique
697 2777 830 2842 obsessa
851 2796 969 2842 corona

183 2879 284 2944 Vallis
306 2879 340 2942 in
361 2881 514 2961 amplexu
535 2897 701 2943 nemorum
724 2877 829 2943 sedet:
852 2877 982 2960 hispida
1004 2881 1122 2945 circum

182 2979 274 3045 Stant
288 2981 375 3062 iuga,
399 2987 430 3045 et
453 2981 638 3045 obiectus
661 2979 833 3061 geminis
856 2981 1097 3047 umbonibus
1119 3002 1245 3064 agger

182 3081 367 3164 Campum
390 3081 505 3146 exire
527 3087 654 3162 vetat,
678 3082 774 3162 longo
798 3095 893 3163 quem
915 3083 1041 3147 tramite
1062 3084 1192 3164 planum

183 3182 375 3249 Gramineae
398 3184 517 3248 frontes
540 3183 728 3264 sinuataque
752 3185 893 3266 caespite
915 3180 991 3249 viic

182 3285 293 3351 Mollia
314 3304 378 3350 nou
401 3284 514 3350 subitis
535 3290 655 3366 augent
675 3284 807 3366 fastigia
828 3286 931 3352 olivis.

136 3404 191 3468 Ab
206 3403 378 3469 Homerico
401 3402 623 3487 hippodromo,
647 3408 681 3466 nt
702 3403 847 3468 omittam
870 3404 915 3468 ibi
937 3405 1030 3470 nnius
1053 3411 1175 3471 tantum
1197 3407 1289 3473 collis

138 3506 315 3572 cacuminis
338 3507 532 3571 mentionem
553 3503 623 3569 fieri
639 3505 687 3581 (11.
708 3506 742 3565 Ψ
755 3507 840 3590 450),
864 3526 935 3571 oum
951 3527 1002 3572 ars
1021 3513 1087 3572 tam
1109 3509 1216 3573 aliena
1237 3510 1290 3591 sit,

139 3615 175 3672 ut
198 3608 295 3672 etiam
318 3607 458 3672 dubitari
479 3607 590 3690 possit,
613 3627 688 3671 num
708 3627 848 3688 unquam
863 3609 950 3690 prins
967 3609 1057 3690 equis
1073 3610 1118 3673 ibi
1134 3615 1289 3675 certatum

139 3711 183 3776 sit
204 3709 295 3785 (ibid.
318 3730 371 3776 vv.
388 3713 446 3775 331
468 3710 544 3792 sq.),
573 3708 655 3774 haec
684 3710 795 3791 vallis,
824 3709 879 3773 ubi
902 3709 1036 3774 collibus
1064 3730 1127 3775 non
1156 3711 1288 3776 circum-

139 3811 231 3876 clusa
246 3810 323 3892 hiat,
343 3817 525 3876 transverso
541 3830 659 3893 aggere
675 3816 787 3892 saepta
803 3817 859 3876 est.
897 3809 1066 3888 Quomodo
1081 3817 1188 3876 antem
1204 3811 1290 3879 hunc

138 3931 292 3995 aggerem
315 3919 509 3979 exstructum
530 3919 624 3993 putas
640 3913 701 3978 nisi
717 3913 862 3978 manibus
878 3912 1064 3979 hominnm?
1101 3911 1188 3990 Quid
1201 3916 1289 3996 quod

139 4014 184 4080 de
203 4007 352 4096 ‘geminis
374 4004 577 4079 umbonibus'
605 4034 708 4079 sermo
733 4014 803 4079 est?
846 4015 899 4097 Hi,
924 4014 964 4079 de
987 4015 1102 4096 quibus
1121 4015 1218 4082 video
1242 4018 1288 4082 in-

138 4120 296 4197 terpretes
318 4116 416 4181 valde
435 4115 592 4197 dubitare,
614 4115 695 4179 nihil
718 4117 806 4181 aliud
829 4115 908 4180 mihi
929 4115 1077 4182 videntur
1100 4137 1170 4183 esse
1192 4138 1289 4201 qnam
