3072 5012
491 400 524 454 A.
551 399 602 453 DE
620 399 856 455 CARCERIBUS.
1212 397 1251 455 75

78 570 114 638 in
140 573 233 640 Nat:
244 571 327 639 Hist.
342 572 482 638 XXXIV
496 576 535 636 72
551 572 724 639 memoriae
744 571 886 656 prodidit
900 569 968 654 (cfr.
985 571 1102 653 Brunn,
1120 570 1222 653 Xstlg.
1239 570 1254 633 Ι

79 695 114 758 p.
130 674 233 757 277).
250 711 292 720 —

182 775 254 842 Scd
276 781 474 844 revertamur
494 776 537 843 ad
560 775 711 861 oppidum
734 774 958 860 olympiacum
979 775 1158 840 accuratius
1180 794 1254 840 con-

82 876 316 944 siderandum.

183 980 366 1048 Pausanias
395 979 472 1046 dicit
500 981 641 1062 singulos
670 978 799 1045 ordines
827 985 894 1044 tum
923 979 1037 1044 missos
1066 997 1151 1059 esse,
1181 997 1252 1041 cum

86 1083 267 1166 proximas
288 1087 363 1166 post
385 1101 440 1149 eos
463 1083 617 1147 stationes
640 1081 743 1148 sortiti
765 1079 808 1144 ad
831 1081 935 1146 exitus
955 1081 1127 1146 stationum
1144 1098 1253 1145 eorum

88 1184 337 1268 pervenissent.
374 1185 444 1251 Hoc
460 1206 494 1250 re
509 1205 587 1250 vera
605 1184 651 1249 ita
673 1203 799 1267 semper
820 1184 887 1249 fere
911 1182 1056 1249 evenisse
1079 1178 1252 1246 conceden-

88 1285 177 1351 dum
204 1292 263 1352 est.
308 1285 392 1365 Quid
406 1306 495 1368 vero,
518 1287 546 1352 si
568 1286 658 1352 cuius
680 1285 764 1370 equi,
787 1297 822 1350 ut
843 1285 888 1368 fit,
910 1305 950 1350 ne
973 1287 1184 1364 excurrerent,
1206 1301 1254 1346 re·

92 1389 263 1455 cusabant
288 1389 397 1453 autin
420 1388 524 1454 altera
545 1389 598 1452 ala
627 1389 744 1454 lentius
766 1387 935 1452 currebant
957 1405 1053 1468 quam
1074 1385 1107 1449 iu
1129 1383 1255 1448 altera?

90 1491 189 1556 Num
213 1496 289 1555 tuno
312 1509 421 1555 omnes
444 1495 613 1556 antaeum
639 1490 761 1572 positos
783 1489 815 1554 in
839 1488 1018 1554 carceribus
1041 1495 1107 1552 tam
1129 1485 1184 1549 diu
1207 1505 1254 1550 re-

94 1592 263 1658 mansisse
285 1591 483 1672 arbitremur,
506 1590 580 1656 dum
603 1591 659 1658 ille
681 1591 849 1658 adveniret
872 1597 902 1657 et
918 1590 979 1655 sibi
1001 1607 1129 1670 quoque
1145 1606 1253 1652 excur-

93 1693 194 1759 rendi
224 1694 410 1760 facultatem
440 1692 554 1758 daret?
598 1693 668 1758 Hoc
690 1694 820 1760 minime
846 1695 951 1760 credo.
995 1694 1080 1758 Nam
1103 1712 1165 1775 quo
1187 1690 1256 1755 iure

96 1798 248 1863 insontes
270 1795 376 1861 aliena
398 1796 493 1879 culpa
515 1794 736 1886 detrimentum
760 1796 954 1879 capiebant?
990 1796 1034 1877 si,
1058 1801 1091 1859 ut
1107 1792 1255 1876 exemplo

96 1907 187 1980 utar,
210 1897 307 1982 primi
328 1896 448 1962 ordinis
470 1895 583 1962 dexter
605 1899 752 1976 agonista
773 1899 828 1964 illo
845 1899 939 1964 modo
955 1897 1109 1981 peccavit,
1131 1897 1257 1975 integra

98 2001 222 2067 dextra
245 1999 299 2064 ala
321 1999 422 2065 serius
445 1999 485 2063 ad
509 2005 644 2064 rostrum
666 2000 808 2065 venisset
830 2018 926 2081 quam
949 2000 1077 2064 sinistra
1099 2004 1131 2063 ct
1156 1997 1256 2061 satius

99 2123 210 2188 paene
240 2108 309 2166 crat
337 2100 509 2166 certamine
538 2100 700 2167 desistere.
752 2103 944 2167 Persuasum
972 2101 1068 2181 igitur
1102 2097 1179 2162 mihi
1208 2107 1257 2163 cst

11 2203 13 2266 l
100 2205 202 2270 certis
234 2203 393 2284 utrimque
421 2201 574 2286 temporis
602 2203 893 2286 intercapedinibus
927 2222 1070 2268 carceres
1104 2201 1257 2282 deinceps

11 2351 12 2374 r
100 2307 285 2392 patefactos
307 2325 392 2370 esse:
416 2306 477 2370 hae
495 2303 750 2386 intercapedines
766 2325 822 2388 pro
839 2326 886 2386 eo,
910 2324 972 2388 quo
988 2304 1079 2385 equis
1094 2302 1137 2366 ad
1152 2302 1258 2387 spatia

101 2409 189 2474 inter
211 2406 355 2492 singulas
377 2407 530 2472 stationes
552 2406 740 2490 interposita
762 2406 978 2490 percurrenda
994 2425 1072 2489 opus
1089 2423 1159 2469 esse
1175 2404 1255 2469 sole·

104 2511 173 2594 bat,
197 2515 341 2593 tempore
364 2514 566 2590 computatae
589 2529 608 2572 a
629 2508 753 2593 porticu
775 2507 818 2572 ad
840 2514 976 2575 rostrum
997 2527 1109 2574 versus
1132 2506 1256 2570 decres-

10 2639 11 2650 ¹
105 2614 227 2679 cebant
248 2608 293 2694 (p.
311 2607 376 2692 58).
413 2610 521 2676 Nolim
537 2609 611 2676 ideo
626 2610 819 2675 Pausaniam
835 2611 950 2677 erroris
966 2611 1017 2674 vel
1033 2608 1256 2693 neglegentiae

10 2737 12 2782 r
105 2731 258 2798 arguere:
291 2731 364 2777 nam
393 2731 428 2776 rc
458 2731 534 2777 vera
563 2713 753 2795 computatis
783 2713 961 2778 intervallis
990 2713 1095 2796 spatia
1118 2711 1256 2794 percurri

10 2803 11 2874 ζ
105 2815 264 2882 solebant.
302 2811 453 2895 Quaeres,
475 2813 536 2878 nisi
551 2813 761 2897 posteriorum
777 2833 929 2895 equorum
945 2812 1094 2895 adventu,
1119 2832 1256 2895 quanam

10 2921 11 2924 ’
106 2935 221 2982 norma
242 2913 389 2980 adhibita
411 2916 564 2981 stationes
586 2915 763 3000 patefactas
785 2936 856 2982 esse
879 2915 1024 2981 sentiam.
1070 2914 1173 2981 Credo
1197 2935 1257 2998 ego

106 3037 263 3100 equorum
293 3016 541 3100 procurrentium
573 3017 700 3083 omnino
728 3037 791 3083 non
821 3019 965 3084 habitam
994 3016 1166 3099 rationem,
1200 3017 1257 3082 sed

106 3121 193 3185 intra
215 3138 342 3202 proram
365 3119 547 3184 missionem
567 3125 777 3204 temperatam
792 3138 871 3184 esse.
909 3119 1003 3198 Quod
1018 3116 1176 3200 quomodo
1192 3119 1257 3183 fac·

10 3257 11 3274 κ
106 3229 179 3287 tum
201 3220 258 3302 sit,
287 3219 376 3284 varie
404 3220 579 3300 excogitari
609 3220 693 3287 licet.
739 3219 883 3304 Simplex
913 3228 945 3285 et
972 3220 1149 3304 probabilis
1177 3221 1258 3286 ratio

106 3323 190 3388 mibi
211 3323 291 3388 haec
305 3319 431 3386 videtur
447 3342 526 3388 esse.
563 3324 697 3389 Interior
712 3322 959 3405 uniuscuiusque
981 3324 1129 3389 stationis
1144 3323 1258 3407 paries,

106 3424 167 3489 ubi
190 3424 293 3488 exitus
315 3423 456 3506 patebat,
479 3424 523 3488 ibi
545 3426 723 3508 perforatus
747 3431 823 3490 erat.
862 3426 922 3490 Per
937 3425 998 3491 hoc
1018 3426 1161 3491 foramen
1175 3426 1259 3490 funis

108 3524 211 3590 exitui
233 3530 415 3608 praetentus
430 3527 452 3608 ¹)
483 3525 683 3607 trahebatur,
716 3526 770 3607 qui
792 3527 870 3592 satis
892 3527 1006 3610 longus
1028 3535 1110 3610 erat,
1140 3536 1175 3592 ut
1195 3548 1258 3593 non

200 3729 225 3788 1)
243 3724 335 3780 Possis
353 3726 445 3780 mirari
461 3725 624 3781 Pausaniam
648 3726 737 3780 dicere
754 3730 821 3792 llll:
847 3724 924 3798 „de
949 3727 978 3783 δὲ
1001 3730 1060 3782 τῶν
1083 3721 1220 3797 ἁρμάτων
1242 3722 1261 3797 ἢ

110 3812 161 3867 καὶ
176 3805 274 3866 ἵππων
296 3814 354 3866 τῶν
372 3805 514 3880 κελήτων,
539 3808 625 3881 διήκει
648 3805 705 3882 πρὸ
726 3804 821 3867 αὐτῶν
843 3807 1021 3885 καλῴδιον
1039 3805 1116 3867 ἀντὶ
1133 3803 1259 3880 ὕσπλη-

110 3901 198 3967 γος“,
216 3894 279 3962 quia
295 3886 403 3966 ῧσπληξ
414 3910 519 3963 quoque
537 3896 636 3950 rudens
654 3902 721 3962 crat,
740 3896 838 3963 quade
856 3911 940 3950 causa
955 3896 983 3948 in
1002 3897 1175 3964 sequentibus
1192 3896 1260 3950 baec

111 3975 237 4052 καλῴδια
264 3983 395 4032 vocantur
421 3971 567 4052 ὕσπληγες.
613 3978 665 4032 Sed
691 3980 886 4035 obversabatur
911 3981 999 4034 animo
1025 3982 1092 4035 haec
1119 3980 1261 4035 scribentis

112 4055 220 4135 ὕσπληξ
236 4069 386 4118 ceterorum
405 4065 539 4119 circorum
558 4069 585 4117 et
603 4063 751 4119 stadiorum
764 4067 882 4135 propria,
900 4081 969 4135 quae
980 4065 1065 4120 multo
1078 4066 1183 4134 longior
1200 4067 1259 4120 uni·

113 4163 205 4204 versas
223 4148 353 4204 stationes
371 4165 426 4203 uua
444 4149 595 4214 claudebat,
614 4152 645 4202 ut
656 4150 707 4204 hos
723 4150 859 4205 funiculos
871 4141 1015 4221 ῧσπληγας
1026 4151 1163 4227 appellare
1174 4151 1260 4218 primo
