<?xml version="1.0" encoding="UTF-8"?>
<!DOCTYPE html PUBLIC "-//W3C//DTD XHTML 1.0 Transitional//EN"
    "http://www.w3.org/TR/xhtml1/DTD/xhtml1-transitional.dtd">
<html xmlns="http://www.w3.org/1999/xhtml" xml:lang="en" lang="en">
 <head>
  <title>
</title>
<meta http-equiv="Content-Type" content="text/html;charset=utf-8" />
  <meta name='ocr-system' content='tesseract 3.04.00' />
  <meta name='ocr-capabilities' content='ocr_page ocr_carea ocr_par ocr_line ocrx_word'/>
</head>
<body>
  <div class='ocr_page' id='page_1' title='image "./hippodromica00pollgoog_0025.png"; bbox 0 0 3076 5020; ppageno 0'>
   <div class='ocr_carea' id='block_1_1' title="bbox 307 368 1171 426">
    <p class='ocr_par' dir='ltr' id='par_1_1' title="bbox 307 368 1171 426">
     <span class='ocr_line' id='line_1_1' title="bbox 307 368 1171 426; baseline 0 -2"><span class='ocrx_word' id='word_1_1' title='bbox 307 369 345 426; x_wconf 86' lang='grc'><strong>16</strong></span> <span class='ocrx_word' id='word_1_2' title='bbox 584 371 617 424; x_wconf 85' lang='grc' dir='ltr'><strong>Δ.</strong></span> <span class='ocrx_word' id='word_1_3' title='bbox 645 369 696 425; x_wconf 80' lang='lat' dir='ltr'><strong>DE</strong></span> <span class='ocrx_word' id='word_1_4' title='bbox 714 368 954 425; x_wconf 71' lang='lat' dir='ltr'><strong>murouuouo</strong></span> <span class='ocrx_word' id='word_1_5' title='bbox 971 368 1171 426; x_wconf 71' lang='lat' dir='ltr'><strong>sobeslau.</strong></span> 
     </span>
    </p>
   </div>
   <div class='ocr_carea' id='block_1_2' title="bbox 304 537 1461 732">
    <p class='ocr_par' dir='ltr' id='par_1_2' title="bbox 304 537 1461 732">
     <span class='ocr_line' id='line_1_2' title="bbox 305 537 1461 628; baseline -0.005 -20"><span class='ocrx_word' id='word_1_6' title='bbox 305 541 390 608; x_wconf 92' lang='lat' dir='ltr'><strong>enim</strong></span> <span class='ocrx_word' id='word_1_7' title='bbox 418 540 585 608; x_wconf 75' lang='lat' dir='ltr'>absurdior</span> <span class='ocrx_word' id='word_1_8' title='bbox 613 541 831 627; x_wconf 81' lang='lat' dir='ltr'><strong>interpretatio</strong></span> <span class='ocrx_word' id='word_1_9' title='bbox 861 541 1035 627; x_wconf 87' lang='lat' dir='ltr'><strong>excogitari</strong></span> <span class='ocrx_word' id='word_1_10' title='bbox 1060 547 1166 628; x_wconf 88' lang='lat' dir='ltr'><strong>potest</strong></span> <span class='ocrx_word' id='word_1_11' title='bbox 1195 561 1250 623; x_wconf 91' lang='lat' dir='ltr'><strong>ea,</strong></span> <span class='ocrx_word' id='word_1_12' title='bbox 1280 559 1374 622; x_wconf 92' lang='lat' dir='ltr'><strong>quam</strong></span> <span class='ocrx_word' id='word_1_13' title='bbox 1406 537 1461 604; x_wconf 89' lang='lat' dir='ltr'><strong>illi</strong></span> 
     </span>
     <span class='ocr_line' id='line_1_3' title="bbox 304 639 1461 732; baseline -0.003 -23"><span class='ocrx_word' id='word_1_14' title='bbox 304 643 501 728; x_wconf 88' lang='lat' dir='ltr'><strong>protulerunt</strong></span> <span class='ocrx_word' id='word_1_15' title='bbox 514 643 612 710; x_wconf 81' lang='lat' dir='ltr'><strong>chum</strong></span> <span class='ocrx_word' id='word_1_16' title='bbox 627 650 700 728; x_wconf 91' lang='lat' dir='ltr'><strong>post</strong></span> <span class='ocrx_word' id='word_1_17' title='bbox 721 643 820 710; x_wconf 84' lang='lat' dir='ltr'><strong>abum</strong></span> <span class='ocrx_word' id='word_1_18' title='bbox 843 640 1012 732; x_wconf 78' lang='grc' dir='ltr'><strong>πυργηδὸν</strong></span> <span class='ocrx_word' id='word_1_19' title='bbox 1033 641 1117 708; x_wconf 84' lang='grc' dir='ltr'><strong><em>κατὰ</em></strong></span> <span class='ocrx_word' id='word_1_20' title='bbox 1134 641 1246 727; x_wconf 74' lang='grc' dir='ltr'>βάθος</span> <span class='ocrx_word' id='word_1_21' title='bbox 1268 639 1461 708; x_wconf 75' lang='lat' dir='ltr'><strong>constitisse</strong></span> 
     </span>
    </p>
   </div>
   <div class='ocr_carea' id='block_1_3' title="bbox 233 745 1459 4209">
    <p class='ocr_par' dir='ltr' id='par_1_3' title="bbox 233 745 1459 2673">
     <span class='ocr_line' id='line_1_4' title="bbox 304 745 1459 831; baseline -0.001 -20"><span class='ocrx_word' id='word_1_22' title='bbox 304 745 456 830; x_wconf 90' lang='lat' dir='ltr'><strong>dicentes,</strong></span> <span class='ocrx_word' id='word_1_23' title='bbox 479 751 514 812; x_wconf 89' lang='lat' dir='ltr'><strong>nt</strong></span> <span class='ocrx_word' id='word_1_24' title='bbox 535 766 556 813; x_wconf 90' lang='lat' dir='ltr'><strong>a</strong></span> <span class='ocrx_word' id='word_1_25' title='bbox 577 747 679 812; x_wconf 84' lang='lat' dir='ltr'><strong>fronte</strong></span> <span class='ocrx_word' id='word_1_26' title='bbox 700 765 756 813; x_wconf 91' lang='lat' dir='ltr'><strong>eos</strong></span> <span class='ocrx_word' id='word_1_27' title='bbox 779 747 935 831; x_wconf 80' lang='lat' dir='ltr'><strong>spectanti</strong></span> <span class='ocrx_word' id='word_1_28' title='bbox 957 747 1078 831; x_wconf 90' lang='lat' dir='ltr'><strong>primns</strong></span> <span class='ocrx_word' id='word_1_29' title='bbox 1097 747 1185 814; x_wconf 89' lang='lat' dir='ltr'><strong>solus</strong></span> <span class='ocrx_word' id='word_1_30' title='bbox 1207 745 1459 830; x_wconf 78' lang='lat' dir='ltr'><strong>conspiceretur.</strong></span> 
     </span>
     <span class='ocr_line' id='line_1_5' title="bbox 303 845 1459 930; baseline 0 -18"><span class='ocrx_word' id='word_1_31' title='bbox 303 847 468 915; x_wconf 83' lang='lat' dir='ltr'><strong>Eiusmodi</strong></span> <span class='ocrx_word' id='word_1_32' title='bbox 497 848 738 916; x_wconf 77' lang='lat' dir='ltr'><strong>collocationem</strong></span> <span class='ocrx_word' id='word_1_33' title='bbox 770 848 1002 930; x_wconf 81' lang='lat' dir='ltr'><strong>iniquissimam</strong></span> <span class='ocrx_word' id='word_1_34' title='bbox 1031 869 1102 917; x_wconf 88' lang='lat' dir='ltr'><strong>esse</strong></span> <span class='ocrx_word' id='word_1_35' title='bbox 1135 869 1230 916; x_wconf 91' lang='lat' dir='ltr'><strong>nemo</strong></span> <span class='ocrx_word' id='word_1_36' title='bbox 1260 867 1323 914; x_wconf 91' lang='lat' dir='ltr'><strong>non</strong></span> <span class='ocrx_word' id='word_1_37' title='bbox 1352 845 1459 914; x_wconf 85' lang='lat' dir='ltr'><strong>videt</strong></span> 
     </span>
     <span class='ocr_line' id='line_1_6' title="bbox 304 950 1459 1036; baseline -0.002 -18"><span class='ocrx_word' id='word_1_38' title='bbox 304 951 403 1018; x_wconf 89' lang='lat' dir='ltr'><strong>Recta</strong></span> <span class='ocrx_word' id='word_1_39' title='bbox 424 950 642 1036; x_wconf 85' lang='lat' dir='ltr'><strong>interpretatio</strong></span> <span class='ocrx_word' id='word_1_40' title='bbox 670 956 719 1017; x_wconf 91' lang='lat' dir='ltr'><strong>est</strong></span> <span class='ocrx_word' id='word_1_41' title='bbox 746 950 854 1018; x_wconf 89' lang='lat' dir='ltr'><strong>media</strong></span> <span class='ocrx_word' id='word_1_42' title='bbox 882 950 964 1019; x_wconf 90' lang='lat' dir='ltr'><strong>inter</strong></span> <span class='ocrx_word' id='word_1_43' title='bbox 990 957 1157 1034; x_wconf 89' lang='lat' dir='ltr'><strong>utramque</strong></span> <span class='ocrx_word' id='word_1_44' title='bbox 1178 952 1295 1018; x_wconf 81' lang='lat' dir='ltr'><strong>falsam</strong></span> <span class='ocrx_word' id='word_1_45' title='bbox 1317 953 1387 1035; x_wconf 88' lang='lat' dir='ltr'><strong>vel,</strong></span> <span class='ocrx_word' id='word_1_46' title='bbox 1421 957 1459 1016; x_wconf 89' lang='lat' dir='ltr'><strong>ut</strong></span> 
     </span>
     <span class='ocr_line' id='line_1_7' title="bbox 303 1052 1458 1139; baseline 0 -21"><span class='ocrx_word' id='word_1_47' title='bbox 303 1053 497 1139; x_wconf 88' lang='lat' dir='ltr'><strong>geometrica</strong></span> <span class='ocrx_word' id='word_1_48' title='bbox 523 1053 663 1136; x_wconf 84' lang='lat' dir='ltr'><strong>imagine</strong></span> <span class='ocrx_word' id='word_1_49' title='bbox 689 1058 776 1137; x_wconf 90' lang='lat' dir='ltr'><strong>utar,</strong></span> <span class='ocrx_word' id='word_1_50' title='bbox 806 1052 995 1138; x_wconf 82' lang='lat' dir='ltr'><strong>diagonalis</strong></span> <span class='ocrx_word' id='word_1_51' title='bbox 1038 1052 1076 1119; x_wconf 92' lang='lat' dir='ltr'><strong>Id</strong></span> <span class='ocrx_word' id='word_1_52' title='bbox 1098 1073 1225 1136; x_wconf 89' lang='lat' dir='ltr'><strong>quoque</strong></span> <span class='ocrx_word' id='word_1_53' title='bbox 1253 1055 1355 1120; x_wconf 86' lang='lat' dir='ltr'><strong>minus</strong></span> <span class='ocrx_word' id='word_1_54' title='bbox 1377 1073 1458 1137; x_wconf 88' lang='lat' dir='ltr'><strong>pru·</strong></span> 
     </span>
     <span class='ocr_line' id='line_1_8' title="bbox 303 1146 1457 1243; baseline -0.003 -22"><span class='ocrx_word' id='word_1_55' title='bbox 303 1154 409 1222; x_wconf 82' lang='lat' dir='ltr'><strong>dentis</strong></span> <span class='ocrx_word' id='word_1_56' title='bbox 430 1164 478 1223; x_wconf 89' lang='lat' dir='ltr'><strong>est</strong></span> <span class='ocrx_word' id='word_1_57' title='bbox 500 1175 666 1238; x_wconf 79' lang='lat' dir='ltr'><strong>quaerere:</strong></span> <span class='ocrx_word' id='word_1_58' title='bbox 689 1146 727 1220; x_wconf 81' lang='grc' dir='ltr'><strong>οὗ</strong></span> <span class='ocrx_word' id='word_1_59' title='bbox 749 1152 812 1239; x_wconf 77' lang='grc' dir='ltr'><strong>γὰρ</strong></span> <span class='ocrx_word' id='word_1_60' title='bbox 832 1153 918 1220; x_wconf 84' lang='grc' dir='ltr'><strong><em>κατὰ</em></strong></span> <span class='ocrx_word' id='word_1_61' title='bbox 939 1159 1096 1238; x_wconf 81' lang='grc' dir='ltr'><strong>μέτωπον</strong></span> <span class='ocrx_word' id='word_1_62' title='bbox 1119 1152 1271 1243; x_wconf 74' lang='grc' dir='ltr'><strong><em>ἔστησαν,</em></strong></span> <span class='ocrx_word' id='word_1_63' title='bbox 1295 1151 1371 1220; x_wconf 77' lang='grc' dir='ltr'><strong>ἐπεὶ</strong></span> <span class='ocrx_word' id='word_1_64' title='bbox 1393 1151 1457 1219; x_wconf 80' lang='grc' dir='ltr'><strong>διὰ</strong></span> 
     </span>
     <span class='ocr_line' id='line_1_9' title="bbox 301 1251 1457 1345; baseline 0 -22"><span class='ocrx_word' id='word_1_65' title='bbox 301 1261 337 1323; x_wconf 77' lang='grc' dir='ltr'>τι</span> <span class='ocrx_word' id='word_1_66' title='bbox 351 1251 370 1323; x_wconf 80' lang='grc' dir='ltr'><strong><em>ὁ</em></strong></span> <span class='ocrx_word' id='word_1_67' title='bbox 385 1259 504 1345; x_wconf 77' lang='grc' dir='ltr'><strong>κλῆρος</strong></span> <span class='ocrx_word' id='word_1_68' title='bbox 520 1253 675 1342; x_wconf 57' lang='lat' dir='ltr'><strong>ludium</strong></span> <span class='ocrx_word' id='word_1_69' title='bbox 697 1255 733 1322; x_wconf 88' lang='lat' dir='ltr'><strong>Si</strong></span> <span class='ocrx_word' id='word_1_70' title='bbox 748 1256 834 1323; x_wconf 91' lang='lat' dir='ltr'><strong>enim</strong></span> <span class='ocrx_word' id='word_1_71' title='bbox 848 1277 912 1324; x_wconf 90' lang='lat' dir='ltr'><strong>una</strong></span> <span class='ocrx_word' id='word_1_72' title='bbox 926 1262 1013 1326; x_wconf 88' lang='lat' dir='ltr'><strong>recta</strong></span> <span class='ocrx_word' id='word_1_73' title='bbox 1028 1259 1131 1325; x_wconf 83' lang='lat' dir='ltr'><strong>fronte</strong></span> <span class='ocrx_word' id='word_1_74' title='bbox 1146 1259 1318 1340; x_wconf 85' lang='lat' dir='ltr'><strong>stetissent,</strong></span> <span class='ocrx_word' id='word_1_75' title='bbox 1333 1277 1457 1338; x_wconf 91' lang='lat' dir='ltr'><strong>nonne,</strong></span> 
     </span>
     <span class='ocr_line' id='line_1_10' title="bbox 302 1357 1456 1445; baseline -0.003 -19"><span class='ocrx_word' id='word_1_76' title='bbox 302 1366 337 1426; x_wconf 89' lang='lat' dir='ltr'><strong>ut</strong></span> <span class='ocrx_word' id='word_1_77' title='bbox 358 1359 508 1445; x_wconf 84' lang='lat' dir='ltr'><strong>diximus,</strong></span> <span class='ocrx_word' id='word_1_78' title='bbox 530 1358 734 1427; x_wconf 90' lang='lat' dir='ltr'><strong>condiciones</strong></span> <span class='ocrx_word' id='word_1_79' title='bbox 748 1359 877 1442; x_wconf 87' lang='lat' dir='ltr'><strong>iniquae</strong></span> <span class='ocrx_word' id='word_1_80' title='bbox 890 1360 1025 1443; x_wconf 88' lang='lat' dir='ltr'><strong>fuerunt,</strong></span> <span class='ocrx_word' id='word_1_81' title='bbox 1049 1361 1124 1442; x_wconf 89' lang='lat' dir='ltr'><strong>quia</strong></span> <span class='ocrx_word' id='word_1_82' title='bbox 1142 1379 1205 1443; x_wconf 92' lang='lat' dir='ltr'><strong>quo</strong></span> <span class='ocrx_word' id='word_1_83' title='bbox 1221 1359 1356 1443; x_wconf 89' lang='lat' dir='ltr'><strong>quisquc</strong></span> <span class='ocrx_word' id='word_1_84' title='bbox 1371 1357 1456 1424; x_wconf 84' lang='lat' dir='ltr'><strong>dex-</strong></span> 
     </span>
     <span class='ocr_line' id='line_1_11' title="bbox 303 1461 1457 1547; baseline -0.003 -16"><span class='ocrx_word' id='word_1_85' title='bbox 303 1463 400 1531; x_wconf 89' lang='lat' dir='ltr'><strong>terior</strong></span> <span class='ocrx_word' id='word_1_86' title='bbox 422 1461 572 1543; x_wconf 89' lang='lat' dir='ltr'><strong>constitit,</strong></span> <span class='ocrx_word' id='word_1_87' title='bbox 596 1482 635 1528; x_wconf 92' lang='lat' dir='ltr'><strong>eo</strong></span> <span class='ocrx_word' id='word_1_88' title='bbox 657 1462 760 1528; x_wconf 89' lang='lat' dir='ltr'><strong>maius</strong></span> <span class='ocrx_word' id='word_1_89' title='bbox 782 1462 813 1529; x_wconf 92' lang='lat' dir='ltr'><strong>ei</strong></span> <span class='ocrx_word' id='word_1_90' title='bbox 827 1463 966 1547; x_wconf 90' lang='lat' dir='ltr'><strong>spatium</strong></span> <span class='ocrx_word' id='word_1_91' title='bbox 988 1462 1234 1546; x_wconf 88' lang='lat' dir='ltr'><strong>percurrendum</strong></span> <span class='ocrx_word' id='word_1_92' title='bbox 1256 1461 1348 1528; x_wconf 80' lang='lat' dir='ltr'><strong>erat?</strong></span> <span class='ocrx_word' id='word_1_93' title='bbox 1386 1461 1457 1528; x_wconf 93' lang='lat' dir='ltr'><strong>Ubi</strong></span> 
     </span>
     <span class='ocr_line' id='line_1_12' title="bbox 303 1563 1456 1650; baseline 0 -20"><span class='ocrx_word' id='word_1_94' title='bbox 303 1571 410 1631; x_wconf 90' lang='lat' dir='ltr'><strong>antem</strong></span> <span class='ocrx_word' id='word_1_95' title='bbox 433 1565 635 1631; x_wconf 89' lang='lat' dir='ltr'><strong>condiciones</strong></span> <span class='ocrx_word' id='word_1_96' title='bbox 656 1563 785 1646; x_wconf 88' lang='lat' dir='ltr'><strong>iniquae</strong></span> <span class='ocrx_word' id='word_1_97' title='bbox 803 1571 884 1646; x_wconf 84' lang='lat' dir='ltr'><strong>sunt,</strong></span> <span class='ocrx_word' id='word_1_98' title='bbox 908 1585 946 1632; x_wconf 92' lang='lat' dir='ltr'><strong>eo</strong></span> <span class='ocrx_word' id='word_1_99' title='bbox 961 1566 1065 1648; x_wconf 88' lang='lat' dir='ltr'><strong>magis</strong></span> <span class='ocrx_word' id='word_1_100' title='bbox 1086 1573 1145 1650; x_wconf 89' lang='lat' dir='ltr'><strong>est,</strong></span> <span class='ocrx_word' id='word_1_101' title='bbox 1168 1563 1254 1648; x_wconf 90' lang='lat' dir='ltr'><strong>quod</strong></span> <span class='ocrx_word' id='word_1_102' title='bbox 1276 1564 1318 1631; x_wconf 91' lang='lat' dir='ltr'><strong>de</strong></span> <span class='ocrx_word' id='word_1_103' title='bbox 1339 1565 1456 1631; x_wconf 89' lang='lat' dir='ltr'><strong>statio·</strong></span> 
     </span>
     <span class='ocr_line' id='line_1_13' title="bbox 302 1666 1455 1750; baseline -0.001 -17"><span class='ocrx_word' id='word_1_104' title='bbox 302 1666 396 1733; x_wconf 91' lang='lat' dir='ltr'><strong>nibus</strong></span> <span class='ocrx_word' id='word_1_105' title='bbox 425 1667 575 1733; x_wconf 89' lang='lat' dir='ltr'><strong>certaturi</strong></span> <span class='ocrx_word' id='word_1_106' title='bbox 604 1666 790 1749; x_wconf 88' lang='lat' dir='ltr'><strong>sortiantur,</strong></span> <span class='ocrx_word' id='word_1_107' title='bbox 819 1668 953 1750; x_wconf 90' lang='lat' dir='ltr'><strong>nequis</strong></span> <span class='ocrx_word' id='word_1_108' title='bbox 983 1688 1091 1734; x_wconf 88' lang='lat' dir='ltr'><strong>eorum</strong></span> <span class='ocrx_word' id='word_1_109' title='bbox 1120 1667 1244 1734; x_wconf 90' lang='lat' dir='ltr'><strong>cladem</strong></span> <span class='ocrx_word' id='word_1_110' title='bbox 1267 1685 1358 1732; x_wconf 89' lang='lat' dir='ltr'><strong>snam</strong></span> <span class='ocrx_word' id='word_1_111' title='bbox 1381 1666 1455 1732; x_wconf 91' lang='lat' dir='ltr'><strong>ludi</strong></span> 
     </span>
     <span class='ocr_line' id='line_1_14' title="bbox 302 1768 1454 1854; baseline 0.001 -21"><span class='ocrx_word' id='word_1_112' title='bbox 302 1769 465 1853; x_wconf 81' lang='lat' dir='ltr'><strong>magistris</strong></span> <span class='ocrx_word' id='word_1_113' title='bbox 480 1768 602 1835; x_wconf 90' lang='lat' dir='ltr'><strong>crimini</strong></span> <span class='ocrx_word' id='word_1_114' title='bbox 617 1768 681 1834; x_wconf 92' lang='lat' dir='ltr'><strong>det.</strong></span> <span class='ocrx_word' id='word_1_115' title='bbox 713 1770 830 1834; x_wconf 89' lang='lat' dir='ltr'><strong>Verum</strong></span> <span class='ocrx_word' id='word_1_116' title='bbox 844 1770 878 1834; x_wconf 94' lang='lat' dir='ltr'><strong>in</strong></span> <span class='ocrx_word' id='word_1_117' title='bbox 899 1791 939 1836; x_wconf 92' lang='lat' dir='ltr'><strong>eo</strong></span> <span class='ocrx_word' id='word_1_118' title='bbox 954 1790 1025 1836; x_wconf 91' lang='lat' dir='ltr'><strong>oum</strong></span> <span class='ocrx_word' id='word_1_119' title='bbox 1049 1769 1210 1836; x_wconf 89' lang='lat' dir='ltr'><strong>veteribus</strong></span> <span class='ocrx_word' id='word_1_120' title='bbox 1224 1769 1454 1854; x_wconf 89' lang='lat' dir='ltr'><strong>interpretibus</strong></span> 
     </span>
     <span class='ocr_line' id='line_1_15' title="bbox 303 1867 1453 1955; baseline -0.003 -17"><span class='ocrx_word' id='word_1_121' title='bbox 303 1873 477 1953; x_wconf 88' lang='lat' dir='ltr'><strong>consentio,</strong></span> <span class='ocrx_word' id='word_1_122' title='bbox 501 1871 587 1955; x_wconf 91' lang='lat' dir='ltr'><strong>quod</strong></span> <span class='ocrx_word' id='word_1_123' title='bbox 602 1871 779 1938; x_wconf 89' lang='lat' dir='ltr'><strong>Aristarchi</strong></span> <span class='ocrx_word' id='word_1_124' title='bbox 800 1871 1022 1939; x_wconf 89' lang='lat' dir='ltr'><strong>anctoritatem</strong></span> <span class='ocrx_word' id='word_1_125' title='bbox 1042 1871 1143 1939; x_wconf 89' lang='lat' dir='ltr'><strong>secuti</strong></span> <span class='ocrx_word' id='word_1_126' title='bbox 1164 1872 1223 1938; x_wconf 91' lang='lat' dir='ltr'><strong>illa</strong></span> <span class='ocrx_word' id='word_1_127' title='bbox 1243 1871 1344 1938; x_wconf 81' lang='lat' dir='ltr'><strong>rerba</strong></span> <span class='ocrx_word' id='word_1_128' title='bbox 1366 1867 1453 1935; x_wconf 78' lang='grc' dir='ltr'><strong><em>στὰν</em></strong></span> 
     </span>
     <span class='ocr_line' id='line_1_16' title="bbox 303 1973 1452 2058; baseline 0.002 -20"><span class='ocrx_word' id='word_1_129' title='bbox 303 1973 339 2038; x_wconf 80' lang='grc' dir='ltr'><strong>δὲ</strong></span> <span class='ocrx_word' id='word_1_130' title='bbox 361 1975 554 2056; x_wconf 78' lang='grc' dir='ltr'>μιτοοιοιχὶ</span> <span class='ocrx_word' id='word_1_131' title='bbox 576 1994 597 2039; x_wconf 92' lang='lat' dir='ltr'><strong>a</strong></span> <span class='ocrx_word' id='word_1_132' title='bbox 618 1973 814 2058; x_wconf 89' lang='lat' dir='ltr'><strong>pedestrium</strong></span> <span class='ocrx_word' id='word_1_133' title='bbox 837 1993 1000 2040; x_wconf 89' lang='lat' dir='ltr'><strong>cursorum</strong></span> <span class='ocrx_word' id='word_1_134' title='bbox 1027 1974 1201 2042; x_wconf 87' lang='lat' dir='ltr'><strong>certatione</strong></span> <span class='ocrx_word' id='word_1_135' title='bbox 1228 1973 1336 2042; x_wconf 89' lang='lat' dir='ltr'><strong>aliena</strong></span> <span class='ocrx_word' id='word_1_136' title='bbox 1357 1981 1452 2058; x_wconf 92' lang='lat' dir='ltr'><strong>puta-</strong></span> 
     </span>
     <span class='ocr_line' id='line_1_17' title="bbox 303 2075 1453 2160; baseline -0.001 -18"><span class='ocrx_word' id='word_1_137' title='bbox 303 2083 416 2143; x_wconf 85' lang='lat' dir='ltr'><strong>verunt</strong></span> <span class='ocrx_word' id='word_1_138' title='bbox 439 2077 577 2159; x_wconf 90' lang='lat' dir='ltr'><strong>ideoque</strong></span> <span class='ocrx_word' id='word_1_139' title='bbox 598 2097 629 2143; x_wconf 85' lang='lat' dir='ltr'><strong>v.</strong></span> <span class='ocrx_word' id='word_1_140' title='bbox 647 2080 707 2141; x_wconf 80' lang='lat'><strong>757</strong></span> <span class='ocrx_word' id='word_1_141' title='bbox 731 2076 928 2145; x_wconf 89' lang='lat' dir='ltr'><strong>deleverunt.</strong></span> <span class='ocrx_word' id='word_1_142' title='bbox 971 2077 1120 2159; x_wconf 88' lang='lat' dir='ltr'><strong>Namque</strong></span> <span class='ocrx_word' id='word_1_143' title='bbox 1141 2075 1377 2160; x_wconf 75' lang='lat' dir='ltr'><strong>staffiodromis,</strong></span> <span class='ocrx_word' id='word_1_144' title='bbox 1402 2083 1453 2143; x_wconf 92' lang='lat' dir='ltr'><strong>ut·</strong></span> 
     </span>
     <span class='ocr_line' id='line_1_18' title="bbox 301 2178 1451 2264; baseline -0.003 -19"><span class='ocrx_word' id='word_1_145' title='bbox 301 2185 376 2264; x_wconf 91' lang='lat' dir='ltr'><strong>pote</strong></span> <span class='ocrx_word' id='word_1_146' title='bbox 399 2179 452 2261; x_wconf 89' lang='lat' dir='ltr'><strong>qui</strong></span> <span class='ocrx_word' id='word_1_147' title='bbox 474 2187 595 2245; x_wconf 88' lang='lat' dir='ltr'><strong>rectum</strong></span> <span class='ocrx_word' id='word_1_148' title='bbox 611 2179 749 2264; x_wconf 89' lang='lat' dir='ltr'><strong>spatium</strong></span> <span class='ocrx_word' id='word_1_149' title='bbox 770 2180 871 2245; x_wconf 90' lang='lat' dir='ltr'><strong>semel</strong></span> <span class='ocrx_word' id='word_1_150' title='bbox 893 2185 1016 2245; x_wconf 90' lang='lat' dir='ltr'><strong>tantum</strong></span> <span class='ocrx_word' id='word_1_151' title='bbox 1030 2179 1266 2264; x_wconf 81' lang='lat' dir='ltr'><strong>permetiuntur,</strong></span> <span class='ocrx_word' id='word_1_152' title='bbox 1288 2178 1369 2244; x_wconf 93' lang='lat' dir='ltr'><strong>nihil</strong></span> <span class='ocrx_word' id='word_1_153' title='bbox 1391 2183 1451 2262; x_wconf 91' lang='lat' dir='ltr'><strong>est,</strong></span> 
     </span>
     <span class='ocr_line' id='line_1_19' title="bbox 233 2271 1451 2364; baseline -0.002 -15"><span class='ocrx_word' id='word_1_154' title='bbox 233 2305 238 2314; x_wconf 94' lang='lat'>·</span> <span class='ocrx_word' id='word_1_155' title='bbox 302 2271 388 2364; x_wconf 85' lang='lat' dir='ltr'><strong>qhod</strong></span> <span class='ocrx_word' id='word_1_156' title='bbox 421 2281 552 2363; x_wconf 92' lang='lat' dir='ltr'><strong>obliqua</strong></span> <span class='ocrx_word' id='word_1_157' title='bbox 583 2283 686 2348; x_wconf 87' lang='lat' dir='ltr'><strong>fronte</strong></span> <span class='ocrx_word' id='word_1_158' title='bbox 718 2285 793 2347; x_wconf 90' lang='lat' dir='ltr'><strong>ante</strong></span> <span class='ocrx_word' id='word_1_159' title='bbox 826 2286 986 2347; x_wconf 86' lang='lat' dir='ltr'><strong>certamen</strong></span> <span class='ocrx_word' id='word_1_160' title='bbox 1020 2281 1203 2348; x_wconf 86' lang='lat' dir='ltr'><strong>consistant.</strong></span> <span class='ocrx_word' id='word_1_161' title='bbox 1251 2280 1451 2348; x_wconf 83' lang='lat' dir='ltr'><strong>Testimonio</strong></span> 
     </span>
     <span class='ocr_line' id='line_1_20' title="bbox 301 2381 1451 2468; baseline -0.002 -18"><span class='ocrx_word' id='word_1_162' title='bbox 301 2390 374 2450; x_wconf 88' lang='lat' dir='ltr'><strong>sunt</strong></span> <span class='ocrx_word' id='word_1_163' title='bbox 397 2384 510 2450; x_wconf 86' lang='lat' dir='ltr'><strong>hathra</strong></span> <span class='ocrx_word' id='word_1_164' title='bbox 536 2385 570 2450; x_wconf 92' lang='lat' dir='ltr'><strong>in</strong></span> <span class='ocrx_word' id='word_1_165' title='bbox 592 2383 781 2468; x_wconf 87' lang='lat' dir='ltr'><strong>Olympiaco</strong></span> <span class='ocrx_word' id='word_1_166' title='bbox 809 2381 914 2450; x_wconf 91' lang='lat' dir='ltr'><strong>stadio</strong></span> <span class='ocrx_word' id='word_1_167' title='bbox 939 2391 1081 2468; x_wconf 90' lang='lat' dir='ltr'><strong>reperta,</strong></span> <span class='ocrx_word' id='word_1_168' title='bbox 1109 2403 1130 2449; x_wconf 91' lang='lat' dir='ltr'><strong>a</strong></span> <span class='ocrx_word' id='word_1_169' title='bbox 1158 2383 1273 2468; x_wconf 90' lang='lat' dir='ltr'><strong>quihus</strong></span> <span class='ocrx_word' id='word_1_170' title='bbox 1303 2402 1451 2450; x_wconf 88' lang='lat' dir='ltr'><strong>cursores</strong></span> 
     </span>
     <span class='ocr_line' id='line_1_21' title="bbox 300 2483 1450 2571; baseline 0.002 -21"><span class='ocrx_word' id='word_1_171' title='bbox 300 2485 584 2569; x_wconf 87' lang='lat' dir='ltr'><strong>proficiscebantur</strong></span> <span class='ocrx_word' id='word_1_172' title='bbox 599 2489 665 2564; x_wconf 90' lang='lat' dir='ltr'><strong>(cir.</strong></span> <span class='ocrx_word' id='word_1_173' title='bbox 681 2487 719 2551; x_wconf 84' lang='lat' dir='ltr'><strong>A.</strong></span> <span class='ocrx_word' id='word_1_174' title='bbox 736 2485 933 2553; x_wconf 90' lang='lat' dir='ltr'><strong>Boetticher:</strong></span> <span class='ocrx_word' id='word_1_175' title='bbox 952 2483 1128 2571; x_wconf 69' lang='lat' dir='ltr'><strong>‘Olympia</strong></span> <span class='ocrx_word' id='word_1_176' title='bbox 1143 2485 1202 2554; x_wconf 89' lang='lat' dir='ltr'><strong>das</strong></span> <span class='ocrx_word' id='word_1_177' title='bbox 1217 2487 1294 2552; x_wconf 82' lang='lat' dir='ltr'><strong>cht</strong></span> <span class='ocrx_word' id='word_1_178' title='bbox 1313 2507 1342 2552; x_wconf 88' lang='lat' dir='ltr'><strong>n.</strong></span> <span class='ocrx_word' id='word_1_179' title='bbox 1358 2486 1450 2552; x_wconf 90' lang='lat' dir='ltr'><strong>seine</strong></span> 
     </span>
     <span class='ocr_line' id='line_1_22' title="bbox 302 2579 577 2673; baseline 0.015 -23"><span class='ocrx_word' id='word_1_180' title='bbox 302 2579 419 2654; x_wconf 76' lang='lat' dir='ltr'><strong>sutoo&#39;</strong></span> <span class='ocrx_word' id='word_1_181' title='bbox 445 2610 477 2673; x_wconf 87' lang='lat' dir='ltr'><strong>p.</strong></span> <span class='ocrx_word' id='word_1_182' title='bbox 493 2591 577 2667; x_wconf 80' lang='lat' dir='ltr'><strong>sss).</strong></span> 
     </span>
    </p>

    <p class='ocr_par' dir='ltr' id='par_1_4' title="bbox 298 2688 1448 4209">
     <span class='ocr_line' id='line_1_23' title="bbox 385 2688 1448 2774; baseline 0.003 -20"><span class='ocrx_word' id='word_1_183' title='bbox 385 2689 486 2755; x_wconf 89' lang='lat' dir='ltr'><strong>Poeta</strong></span> <span class='ocrx_word' id='word_1_184' title='bbox 507 2689 657 2771; x_wconf 91' lang='lat' dir='ltr'><strong>qnoniam</strong></span> <span class='ocrx_word' id='word_1_185' title='bbox 679 2709 742 2755; x_wconf 93' lang='lat' dir='ltr'><strong>non</strong></span> <span class='ocrx_word' id='word_1_186' title='bbox 763 2689 799 2756; x_wconf 92' lang='lat' dir='ltr'><strong>id</strong></span> <span class='ocrx_word' id='word_1_187' title='bbox 820 2689 946 2772; x_wconf 87' lang='lat' dir='ltr'><strong>agebat,</strong></span> <span class='ocrx_word' id='word_1_188' title='bbox 969 2696 1004 2755; x_wconf 95' lang='lat' dir='ltr'><strong>nt</strong></span> <span class='ocrx_word' id='word_1_189' title='bbox 1025 2690 1155 2774; x_wconf 87' lang='lat' dir='ltr'><strong>plenam</strong></span> <span class='ocrx_word' id='word_1_190' title='bbox 1174 2688 1377 2774; x_wconf 90' lang='lat' dir='ltr'><strong>hippodromi</strong></span> <span class='ocrx_word' id='word_1_191' title='bbox 1391 2690 1448 2757; x_wconf 93' lang='lat' dir='ltr'><strong>de-</strong></span> 
     </span>
     <span class='ocr_line' id='line_1_24' title="bbox 301 2790 1448 2877; baseline 0.003 -22"><span class='ocrx_word' id='word_1_192' title='bbox 301 2790 504 2875; x_wconf 88' lang='lat' dir='ltr'><strong>scriptionem</strong></span> <span class='ocrx_word' id='word_1_193' title='bbox 526 2793 690 2877; x_wconf 83' lang='lat' dir='ltr'><strong>proferret,</strong></span> <span class='ocrx_word' id='word_1_194' title='bbox 712 2793 821 2873; x_wconf 91' lang='lat' dir='ltr'><strong>multa,</strong></span> <span class='ocrx_word' id='word_1_195' title='bbox 845 2810 927 2873; x_wconf 91' lang='lat' dir='ltr'><strong>quae</strong></span> <span class='ocrx_word' id='word_1_196' title='bbox 942 2791 985 2860; x_wconf 89' lang='lat' dir='ltr'><strong>ad</strong></span> <span class='ocrx_word' id='word_1_197' title='bbox 999 2792 1227 2859; x_wconf 90' lang='lat' dir='ltr'><strong>institutionem</strong></span> <span class='ocrx_word' id='word_1_198' title='bbox 1244 2791 1448 2876; x_wconf 88' lang='lat' dir='ltr'><strong>hippodromi</strong></span> 
     </span>
     <span class='ocr_line' id='line_1_25' title="bbox 300 2894 1448 2980; baseline 0.001 -21"><span class='ocrx_word' id='word_1_199' title='bbox 300 2895 467 2980; x_wconf 87' lang='lat' dir='ltr'><strong>pertinent,</strong></span> <span class='ocrx_word' id='word_1_200' title='bbox 489 2894 659 2980; x_wconf 86' lang='lat' dir='ltr'><strong>depingere</strong></span> <span class='ocrx_word' id='word_1_201' title='bbox 686 2895 913 2977; x_wconf 86' lang='lat' dir='ltr'><strong>praetermisit,</strong></span> <span class='ocrx_word' id='word_1_202' title='bbox 943 2895 1018 2977; x_wconf 86' lang='lat' dir='ltr'><strong>quia</strong></span> <span class='ocrx_word' id='word_1_203' title='bbox 1046 2895 1126 2962; x_wconf 93' lang='lat' dir='ltr'><strong>haec</strong></span> <span class='ocrx_word' id='word_1_204' title='bbox 1156 2895 1345 2978; x_wconf 86' lang='lat' dir='ltr'><strong>aequalibus</strong></span> <span class='ocrx_word' id='word_1_205' title='bbox 1378 2895 1448 2961; x_wconf 91' lang='lat' dir='ltr'><strong>eins</strong></span> 
     </span>
     <span class='ocr_line' id='line_1_26' title="bbox 300 2996 1446 3082; baseline 0.003 -21"><span class='ocrx_word' id='word_1_206' title='bbox 300 2996 467 3063; x_wconf 86' lang='lat' dir='ltr'><strong>notissima</strong></span> <span class='ocrx_word' id='word_1_207' title='bbox 489 3003 586 3064; x_wconf 89' lang='lat' dir='ltr'><strong>erant.</strong></span> <span class='ocrx_word' id='word_1_208' title='bbox 631 2997 748 3064; x_wconf 84' lang='lat' dir='ltr'><strong>Nostra</strong></span> <span class='ocrx_word' id='word_1_209' title='bbox 770 3002 877 3063; x_wconf 90' lang='lat' dir='ltr'><strong>autem</strong></span> <span class='ocrx_word' id='word_1_210' title='bbox 899 2996 1046 3082; x_wconf 92' lang='lat' dir='ltr'><strong>interest,</strong></span> <span class='ocrx_word' id='word_1_211' title='bbox 1076 3005 1109 3063; x_wconf 86' lang='lat' dir='ltr'><strong>nt</strong></span> <span class='ocrx_word' id='word_1_212' title='bbox 1137 3017 1233 3079; x_wconf 89' lang='lat' dir='ltr'><strong>quam</strong></span> <span class='ocrx_word' id='word_1_213' title='bbox 1254 2997 1446 3082; x_wconf 86' lang='lat' dir='ltr'><strong>perfectissi-</strong></span> 
     </span>
     <span class='ocr_line' id='line_1_27' title="bbox 300 3097 1446 3184; baseline 0.002 -19"><span class='ocrx_word' id='word_1_214' title='bbox 300 3121 385 3167; x_wconf 88' lang='lat' dir='ltr'><strong>mam</strong></span> <span class='ocrx_word' id='word_1_215' title='bbox 413 3100 500 3166; x_wconf 87' lang='lat' dir='ltr'><strong>illius</strong></span> <span class='ocrx_word' id='word_1_216' title='bbox 527 3097 727 3183; x_wconf 92' lang='lat' dir='ltr'><strong>hippodromi</strong></span> <span class='ocrx_word' id='word_1_217' title='bbox 755 3099 926 3182; x_wconf 86' lang='lat' dir='ltr'><strong>imaginem</strong></span> <span class='ocrx_word' id='word_1_218' title='bbox 959 3099 1066 3166; x_wconf 92' lang='lat' dir='ltr'><strong>animo</strong></span> <span class='ocrx_word' id='word_1_219' title='bbox 1099 3099 1192 3166; x_wconf 93' lang='lat' dir='ltr'><strong>nobis</strong></span> <span class='ocrx_word' id='word_1_220' title='bbox 1221 3119 1446 3184; x_wconf 88' lang='lat' dir='ltr'><strong>proponamus,</strong></span> 
     </span>
     <span class='ocr_line' id='line_1_28' title="bbox 300 3200 1447 3286; baseline -0.003 -16"><span class='ocrx_word' id='word_1_221' title='bbox 300 3223 382 3286; x_wconf 86' lang='lat' dir='ltr'><strong>quae</strong></span> <span class='ocrx_word' id='word_1_222' title='bbox 405 3202 520 3284; x_wconf 87' lang='lat' dir='ltr'><strong>omisit,</strong></span> <span class='ocrx_word' id='word_1_223' title='bbox 542 3220 591 3283; x_wconf 89' lang='lat' dir='ltr'><strong>ea,</strong></span> <span class='ocrx_word' id='word_1_224' title='bbox 613 3200 698 3282; x_wconf 90' lang='lat' dir='ltr'><strong>quod</strong></span> <span class='ocrx_word' id='word_1_225' title='bbox 720 3203 789 3269; x_wconf 91' lang='lat' dir='ltr'><strong>eins</strong></span> <span class='ocrx_word' id='word_1_226' title='bbox 814 3201 883 3270; x_wconf 91' lang='lat' dir='ltr'><strong>fieri</strong></span> <span class='ocrx_word' id='word_1_227' title='bbox 904 3209 1024 3286; x_wconf 91' lang='lat' dir='ltr'><strong>potest,</strong></span> <span class='ocrx_word' id='word_1_228' title='bbox 1047 3202 1205 3285; x_wconf 88' lang='lat' dir='ltr'><strong>supplere.</strong></span> <span class='ocrx_word' id='word_1_229' title='bbox 1249 3201 1447 3286; x_wconf 87' lang='lat' dir='ltr'><strong>Supersedit,</strong></span> 
     </span>
     <span class='ocr_line' id='line_1_29' title="bbox 300 3303 1445 3390; baseline 0 -20"><span class='ocrx_word' id='word_1_230' title='bbox 300 3312 335 3371; x_wconf 89' lang='lat' dir='ltr'><strong>ut</strong></span> <span class='ocrx_word' id='word_1_231' title='bbox 356 3303 389 3368; x_wconf 92' lang='lat' dir='ltr'><strong>id</strong></span> <span class='ocrx_word' id='word_1_232' title='bbox 411 3305 551 3388; x_wconf 85' lang='lat' dir='ltr'><strong>exempli</strong></span> <span class='ocrx_word' id='word_1_233' title='bbox 573 3322 670 3370; x_wconf 88' lang='lat' dir='ltr'><strong>causa</strong></span> <span class='ocrx_word' id='word_1_234' title='bbox 690 3322 817 3390; x_wconf 92' lang='lat' dir='ltr'><strong>ponam,</strong></span> <span class='ocrx_word' id='word_1_235' title='bbox 841 3304 882 3370; x_wconf 93' lang='lat' dir='ltr'><strong>de</strong></span> <span class='ocrx_word' id='word_1_236' title='bbox 904 3304 996 3385; x_wconf 89' lang='lat' dir='ltr'><strong>signo</strong></span> <span class='ocrx_word' id='word_1_237' title='bbox 1017 3303 1061 3370; x_wconf 89' lang='lat' dir='ltr'><strong>ad</strong></span> <span class='ocrx_word' id='word_1_238' title='bbox 1083 3304 1296 3390; x_wconf 89' lang='lat' dir='ltr'><strong>incipiendum</strong></span> <span class='ocrx_word' id='word_1_239' title='bbox 1319 3324 1445 3371; x_wconf 88' lang='lat' dir='ltr'><strong>cursum</strong></span> 
     </span>
     <span class='ocr_line' id='line_1_30' title="bbox 300 3405 1445 3493; baseline 0.004 -23"><span class='ocrx_word' id='word_1_240' title='bbox 300 3405 376 3473; x_wconf 92' lang='lat' dir='ltr'><strong>dato</strong></span> <span class='ocrx_word' id='word_1_241' title='bbox 398 3406 495 3489; x_wconf 88' lang='lat' dir='ltr'><strong>loqui.</strong></span> <span class='ocrx_word' id='word_1_242' title='bbox 532 3408 579 3487; x_wconf 73' lang='lat' dir='ltr'><strong>At</strong></span> <span class='ocrx_word' id='word_1_243' title='bbox 597 3405 651 3488; x_wconf 91' lang='lat' dir='ltr'><strong>qni</strong></span> <span class='ocrx_word' id='word_1_244' title='bbox 672 3409 843 3490; x_wconf 89' lang='lat' dir='ltr'><strong>potuerunt</strong></span> <span class='ocrx_word' id='word_1_245' title='bbox 865 3407 1005 3490; x_wconf 89' lang='lat' dir='ltr'><strong>quinque</strong></span> <span class='ocrx_word' id='word_1_246' title='bbox 1026 3426 1088 3473; x_wconf 90' lang='lat' dir='ltr'><strong>uno</strong></span> <span class='ocrx_word' id='word_1_247' title='bbox 1104 3406 1280 3490; x_wconf 88' lang='lat' dir='ltr'><strong>eodemque</strong></span> <span class='ocrx_word' id='word_1_248' title='bbox 1301 3412 1445 3493; x_wconf 89' lang='lat' dir='ltr'><strong>tempore</strong></span> 
     </span>
     <span class='ocr_line' id='line_1_31' title="bbox 300 3499 1445 3595; baseline 0.002 -21"><span class='ocrx_word' id='word_1_249' title='bbox 300 3529 423 3575; x_wconf 89' lang='lat' dir='ltr'><strong>cursum</strong></span> <span class='ocrx_word' id='word_1_250' title='bbox 438 3509 578 3593; x_wconf 84' lang='lat' dir='ltr'><strong>incipere</strong></span> <span class='ocrx_word' id='word_1_251' title='bbox 592 3507 635 3593; x_wconf 85' lang='lat' dir='ltr'><strong>(v.</strong></span> <span class='ocrx_word' id='word_1_252' title='bbox 652 3511 728 3572; x_wconf 81' lang='lat'><strong>362:</strong></span> <span class='ocrx_word' id='word_1_253' title='bbox 751 3505 785 3572; x_wconf 80' lang='grc' dir='ltr'><strong>οἱ</strong></span> <span class='ocrx_word' id='word_1_254' title='bbox 807 3499 840 3572; x_wconf 83' lang='lat' dir='ltr'><strong>d&#39;</strong></span> <span class='ocrx_word' id='word_1_255' title='bbox 867 3500 889 3572; x_wconf 73' lang='grc' dir='ltr'>ὅ</span> <span class='ocrx_word' id='word_1_256' title='bbox 895 3534 949 3592; x_wconf 87' lang='grc' dir='ltr'><strong>μα</strong></span> <span class='ocrx_word' id='word_1_257' title='bbox 971 3505 1127 3586; x_wconf 81' lang='grc' dir='ltr'><strong><em>πάντες</em></strong></span> <span class='ocrx_word' id='word_1_258' title='bbox 1144 3501 1200 3595; x_wconf 72' lang='grc' dir='ltr'><strong>ἐφ’</strong></span> <span class='ocrx_word' id='word_1_259' title='bbox 1218 3508 1358 3576; x_wconf 78' lang='grc' dir='ltr'><strong>ἵπποιιν</strong></span> <span class='ocrx_word' id='word_1_260' title='bbox 1379 3508 1445 3593; x_wconf 83' lang='grc' dir='ltr'><strong>μά-</strong></span> 
     </span>
     <span class='ocr_line' id='line_1_32' title="bbox 300 3603 1443 3696; baseline 0.001 -21"><span class='ocrx_word' id='word_1_261' title='bbox 300 3632 415 3696; x_wconf 81' lang='grc' dir='ltr'>στιγας</span> <span class='ocrx_word' id='word_1_262' title='bbox 438 3603 567 3695; x_wconf 70' lang='grc' dir='ltr'>ἄειραν)</span> <span class='ocrx_word' id='word_1_263' title='bbox 583 3610 645 3676; x_wconf 86' lang='lat' dir='ltr'><strong>nisi</strong></span> <span class='ocrx_word' id='word_1_264' title='bbox 658 3616 744 3678; x_wconf 90' lang='lat' dir='ltr'><strong>certo</strong></span> <span class='ocrx_word' id='word_1_265' title='bbox 759 3609 851 3694; x_wconf 90' lang='lat' dir='ltr'><strong>signo</strong></span> <span class='ocrx_word' id='word_1_266' title='bbox 867 3610 965 3678; x_wconf 80' lang='lat' dir='ltr'><strong>dato?</strong></span> <span class='ocrx_word' id='word_1_267' title='bbox 999 3611 1068 3678; x_wconf 87' lang='lat' dir='ltr'><strong>Hoc</strong></span> <span class='ocrx_word' id='word_1_268' title='bbox 1083 3611 1207 3695; x_wconf 86' lang='lat' dir='ltr'><strong>signum</strong></span> <span class='ocrx_word' id='word_1_269' title='bbox 1223 3614 1318 3694; x_wconf 89' lang='lat' dir='ltr'><strong>quale</strong></span> <span class='ocrx_word' id='word_1_270' title='bbox 1340 3613 1443 3696; x_wconf 86' lang='lat' dir='ltr'><strong>fuerit,</strong></span> 
     </span>
     <span class='ocr_line' id='line_1_33' title="bbox 299 3711 1443 3799; baseline 0.003 -21"><span class='ocrx_word' id='word_1_271' title='bbox 299 3713 473 3781; x_wconf 90' lang='lat' dir='ltr'><strong>nescimus:</strong></span> <span class='ocrx_word' id='word_1_272' title='bbox 495 3711 627 3779; x_wconf 84' lang='lat' dir='ltr'><strong>forsitan</strong></span> <span class='ocrx_word' id='word_1_273' title='bbox 648 3733 705 3798; x_wconf 89' lang='lat' dir='ltr'><strong>pro</strong></span> <span class='ocrx_word' id='word_1_274' title='bbox 732 3712 936 3799; x_wconf 89' lang='lat' dir='ltr'><strong>simplicitate</strong></span> <span class='ocrx_word' id='word_1_275' title='bbox 956 3713 1044 3780; x_wconf 89' lang='lat' dir='ltr'><strong>illius</strong></span> <span class='ocrx_word' id='word_1_276' title='bbox 1066 3714 1180 3780; x_wconf 89' lang='lat' dir='ltr'><strong>aetatis</strong></span> <span class='ocrx_word' id='word_1_277' title='bbox 1199 3713 1343 3783; x_wconf 90' lang='lat' dir='ltr'><strong>Achilles</strong></span> <span class='ocrx_word' id='word_1_278' title='bbox 1364 3735 1443 3782; x_wconf 86' lang='lat' dir='ltr'><strong>voce</strong></span> 
     </span>
     <span class='ocr_line' id='line_1_34' title="bbox 300 3814 1441 3901; baseline 0.001 -21"><span class='ocrx_word' id='word_1_279' title='bbox 300 3834 355 3883; x_wconf 91' lang='lat' dir='ltr'><strong>cos</strong></span> <span class='ocrx_word' id='word_1_280' title='bbox 378 3814 593 3881; x_wconf 88' lang='lat' dir='ltr'><strong>concitaverit.</strong></span> <span class='ocrx_word' id='word_1_281' title='bbox 638 3817 689 3882; x_wconf 92' lang='lat' dir='ltr'><strong>De</strong></span> <span class='ocrx_word' id='word_1_282' title='bbox 710 3815 810 3898; x_wconf 90' lang='lat' dir='ltr'><strong>signis</strong></span> <span class='ocrx_word' id='word_1_283' title='bbox 839 3815 1068 3901; x_wconf 89' lang='lat' dir='ltr'><strong>posterioribus</strong></span> <span class='ocrx_word' id='word_1_284' title='bbox 1095 3818 1291 3900; x_wconf 89' lang='lat' dir='ltr'><strong>temporibus</strong></span> <span class='ocrx_word' id='word_1_285' title='bbox 1319 3817 1441 3884; x_wconf 89' lang='lat' dir='ltr'><strong>adhibi·</strong></span> 
     </span>
     <span class='ocr_line' id='line_1_35' title="bbox 299 3915 1440 4003; baseline -0.002 -17"><span class='ocrx_word' id='word_1_286' title='bbox 299 3920 340 3986; x_wconf 85' lang='lat' dir='ltr'><strong>tis</strong></span> <span class='ocrx_word' id='word_1_287' title='bbox 360 3919 444 3984; x_wconf 90' lang='lat' dir='ltr'><strong>infra</strong></span> <span class='ocrx_word' id='word_1_288' title='bbox 465 3917 564 3984; x_wconf 89' lang='lat' dir='ltr'><strong>verba</strong></span> <span class='ocrx_word' id='word_1_289' title='bbox 585 3918 700 3984; x_wconf 84' lang='lat' dir='ltr'><strong>faciam</strong></span> <span class='ocrx_word' id='word_1_290' title='bbox 723 3915 805 4002; x_wconf 88' lang='lat' dir='ltr'><strong>(cap.</strong></span> <span class='ocrx_word' id='word_1_291' title='bbox 825 3917 896 4001; x_wconf 84' lang='lat'><em>111).</em></span> <span class='ocrx_word' id='word_1_292' title='bbox 941 3918 977 3982; x_wconf 93' lang='lat' dir='ltr'><strong>ln</strong></span> <span class='ocrx_word' id='word_1_293' title='bbox 998 3919 1114 3984; x_wconf 88' lang='lat' dir='ltr'><strong>nostris</strong></span> <span class='ocrx_word' id='word_1_294' title='bbox 1136 3919 1299 3985; x_wconf 87' lang='lat' dir='ltr'><strong>curriculis</strong></span> <span class='ocrx_word' id='word_1_295' title='bbox 1321 3921 1365 4003; x_wconf 88' lang='lat' dir='ltr'><strong>is,</strong></span> <span class='ocrx_word' id='word_1_296' title='bbox 1388 3921 1440 4003; x_wconf 87' lang='lat' dir='ltr'><strong>qui</strong></span> 
     </span>
     <span class='ocr_line' id='line_1_36' title="bbox 298 4013 1441 4108; baseline 0.003 -22"><span class='ocrx_word' id='word_1_297' title='bbox 298 4022 360 4087; x_wconf 92' lang='lat' dir='ltr'><strong>hoc</strong></span> <span class='ocrx_word' id='word_1_298' title='bbox 381 4040 510 4087; x_wconf 89' lang='lat' dir='ltr'><strong>munere</strong></span> <span class='ocrx_word' id='word_1_299' title='bbox 537 4019 678 4101; x_wconf 87' lang='lat' dir='ltr'><strong>fungitur</strong></span> <span class='ocrx_word' id='word_1_300' title='bbox 704 4013 787 4100; x_wconf 73' lang='lat' dir='ltr'><strong>l‘der</strong></span> <span class='ocrx_word' id='word_1_301' title='bbox 808 4013 975 4104; x_wconf 87' lang='lat' dir='ltr'><strong>Starter&#39;),</strong></span> <span class='ocrx_word' id='word_1_302' title='bbox 1003 4021 1157 4088; x_wconf 83' lang='lat' dir='ltr'><strong>vexillum</strong></span> <span class='ocrx_word' id='word_1_303' title='bbox 1186 4039 1316 4104; x_wconf 88' lang='lat' dir='ltr'><strong>passum</strong></span> <span class='ocrx_word' id='word_1_304' title='bbox 1343 4041 1441 4108; x_wconf 91' lang='lat' dir='ltr'><strong>prope</strong></span> 
     </span>
     <span class='ocr_line' id='line_1_37' title="bbox 299 4120 1437 4209; baseline 0.003 -21"><span class='ocrx_word' id='word_1_305' title='bbox 299 4124 385 4209; x_wconf 89' lang='lat' dir='ltr'><strong>ipsos</strong></span> <span class='ocrx_word' id='word_1_306' title='bbox 407 4127 563 4190; x_wconf 87' lang='lat' dir='ltr'><strong>certantes</strong></span> <span class='ocrx_word' id='word_1_307' title='bbox 585 4120 741 4187; x_wconf 89' lang='lat' dir='ltr'><strong>submittit</strong></span> <span class='ocrx_word' id='word_1_308' title='bbox 762 4121 920 4203; x_wconf 89' lang='lat' dir='ltr'><strong>simulque</strong></span> <span class='ocrx_word' id='word_1_309' title='bbox 942 4121 1154 4191; x_wconf 88' lang='lat' dir='ltr'><strong>tintinnabula</strong></span> <span class='ocrx_word' id='word_1_310' title='bbox 1169 4125 1294 4191; x_wconf 89' lang='lat' dir='ltr'><strong>tertium</strong></span> <span class='ocrx_word' id='word_1_311' title='bbox 1317 4131 1437 4192; x_wconf 86' lang='lat' dir='ltr'><strong>sonant.</strong></span> 
     </span>
    </p>
   </div>
   <div class='ocr_carea' id='block_1_4' title="bbox 0 0 1542 5017">
    <p class='ocr_par' dir='ltr' id='par_1_5' title="bbox 0 0 1542 5017">
     <span class='ocr_line' id='line_1_38' title="bbox 0 0 1542 5017; baseline 0 0"><span class='ocrx_word' id='word_1_312' title='bbox 0 0 1542 5017; x_wconf 95' lang='lat' dir='ltr'><strong> </strong></span> 
     </span>
    </p>
   </div>
  </div>
 </body>
</html>
