3072 5012
295 383 335 442 94
694 383 726 439 B.
753 383 804 438 DE
821 383 1042 440 TARAXIPPO.

295 561 373 622 erat.
410 555 454 622 At
468 555 532 621 Dio
548 555 634 624 idem
653 563 788 624 testatur
802 557 824 622 l.
839 559 876 623 l.:
900 553 991 622 ἔστιν
1009 549 1214 640 Ὀλυμπίασι
1236 556 1321 623 κατὰ
1343 561 1447 642 μέσον

294 653 354 722 τὸν
387 655 602 743 ἱππόδρομον
634 655 859 742 Ταραξίππου
887 657 1163 735 Ποσειδῶνος
1193 659 1325 743 βωμός,
1360 659 1448 726 ’ἔνθα

294 756 441 842 μάλιστα
463 763 636 842 συνέβαινε
657 757 735 837 τοὺς
755 758 886 837 ἵππους
914 765 1103 827 πτοεῖσθαι
1126 762 1182 827 καὶ
1204 761 1351 828 πλεῖστα
1374 762 1448 828 ὄιο-

295 865 507 948 φθείρεσθαι
534 864 601 928 τῶν
628 856 796 946 ἁρμάτων.
840 864 899 930 His
927 865 1036 932 verbis
1063 864 1144 930 nihil
1172 864 1262 931 alind
1288 867 1448 932 evincitur

294 966 358 1033 uisi
377 963 642 1048 chrysostomum
671 965 786 1033 eodem
814 985 921 1033 errore
949 965 1079 1032 ductum
1107 986 1179 1033 esse
1205 974 1304 1050 atque
1326 968 1446 1034 Pausa-

294 1068 392 1132 niam.
415 1066 543 1156 ¹Itaque
565 1069 626 1136 nisi
648 1069 731 1134 forte
753 1069 946 1134 bonoillius
962 1069 1184 1134 auctoritatem
1207 1075 1353 1136 secutum
1376 1089 1444 1136 esse

296 1168 472 1252 credimus,
508 1168 570 1238 hoc
598 1179 684 1237 certe
712 1170 800 1238 credi
829 1177 951 1254 potest,
986 1170 1138 1254 quoniam
1165 1171 1262 1236 ambo
1292 1173 1444 1255 aequales

295 1270 362 1337 fere
385 1270 527 1352 fuerunt,
548 1272 678 1337 illomm
700 1279 808 1337 aetate
830 1273 920 1339 illam
942 1273 1126 1356 opinionem
1148 1272 1247 1339 inisse
1270 1275 1442 1357 vulgatam.

296 1371 388 1450 Quae
416 1392 493 1438 vero
516 1380 707 1456 sequnntur,
736 1374 783 1440 eis
805 1375 914 1442 vorbis
934 1376 1031 1458 longe
1052 1376 1185 1459 propius
1211 1375 1255 1441 ad
1276 1377 1442 1442 veritatem

295 1474 423 1542 videtur
437 1477 627 1542 accessisse:
651 1471 762 1551 ἔδοξεν
777 1459 835 1540 οὖν
849 1487 922 1552 τοῖς
933 1467 1077 1554 Ἠλείοις
1096 1470 1143 1551 ὥς
1158 1474 1333 1558 δαιμονίου
1355 1473 1442 1551 τινὸς

295 1569 391 1652 ὄντος
414 1568 622 1659 ἱδρύσασθαι
641 1573 766 1658 βωμόν.
803 1577 898 1656 Quod
912 1585 1020 1646 autem
1040 1580 1161 1664 pergit:
1183 1579 1240 1643 καὶ
1261 1577 1300 1644 τὸ
1324 1575 1442 1644 λοιπόν

296 1699 400 1764 φασιν
423 1669 487 1740 ἀπ’
512 1673 638 1742 ἐκείνου
658 1681 827 1763 γεγονέναι
848 1676 907 1744 τὸν
932 1677 1040 1745 τόπον
1068 1672 1219 1766 ἀσφαλῆ,
1248 1688 1342 1748 caute
1364 1679 1442 1746 illud

296 1781 401 1866 φασὶν
422 1779 552 1862 adiecit,
575 1781 773 1865 quodquam
789 1783 929 1849 maxime
943 1782 1121 1866 urgendum
1138 1788 1202 1849 est:
1224 1784 1259 1848 id
1281 1783 1368 1849 euim
1389 1802 1441 1847 uu-

295 1885 391 1950 trices
414 1881 618 1948 crediderint.
661 1883 759 1950 Modo
781 1884 901 1952 idcirco
923 1890 1101 1952 memoratu
1122 1883 1255 1968 dignum
1278 1891 1336 1970 est,
1360 1883 1442 1968 quod

295 2006 316 2053 a
337 1985 527 2066 Periegetae
550 1987 708 2053 sententia
728 1985 852 2070 differt,
882 1987 1002 2070 quippe
1024 1988 1080 2070 qui
1107 1987 1212 2070 ipram
1233 2007 1324 2052 aram
1345 1987 1441 2052 inisse

295 2087 545 2172 perturbationis
567 2108 697 2154 oaumm
726 2088 858 2156 credere
885 2088 1045 2155 videatur.
1090 2087 1156 2155 Sed
1179 2090 1342 2154 mittamus
1364 2087 1442 2154 haee

295 2190 444 2256 fabulosa
465 2195 498 2255 et
518 2188 563 2256 ed
584 2190 643 2256 illa
657 2189 785 2256 veriora
798 2191 976 2262 redeamus.
1010 2191 1072 2257 Illa
1092 2192 1194 2257 verba
1207 2189 1441 2274 quodammodo

295 2293 338 2358 ab
359 2291 623 2358 antecedentibus
651 2291 849 2375 discrepant:
878 2313 952 2358 nam
981 2313 1053 2360 cum
1081 2300 1156 2359 ante
1182 2293 1333 2377 Neptuno
1354 2311 1439 2358 aram

296 2415 420 2461 sacram
435 2394 535 2460 fuisse
550 2413 607 2475 pro
623 2401 710 2460 certo
726 2393 854 2477 dixerit,
869 2394 933 2460 iam
949 2396 1056 2479 pergit
1070 2389 1116 2471 ὥς
1132 2392 1307 2476 δαιμονίου
1328 2389 1441 2468 τινὸς

295 2490 401 2572 ὄντος.
443 2496 495 2562 Ita
516 2497 613 2579 igitur
635 2515 702 2560 rem
725 2500 827 2561 ortam
850 2504 883 2563 et
903 2517 1107 2581 progressam
1130 2515 1201 2564 esse
1224 2499 1345 2578 cogito:
1374 2485 1439 2560 Elei

296 2619 367 2664 cum
391 2597 506 2664 eodem
527 2617 654 2682 semper
674 2598 743 2663 fere
764 2597 836 2665 loco
858 2600 1131 2683 perturbationem
1152 2597 1223 2665 fieri
1243 2598 1438 2664 animadver

296 2701 409 2766 tisscut
428 2719 489 2764 nec
504 2692 621 2765 'veram
644 2720 774 2766 causam
790 2697 1038 2785 perspexissent,
1060 2709 1096 2768 ut
1111 2707 1202 2767 erant
1222 2699 1438 2783 superstitiosi,

295 2821 414 2867 novum
437 2802 598 2884 quendam
620 2802 811 2868 daemonem
833 2809 996 2868 auctorem
1018 2823 1089 2870 esse
1104 2802 1326 2886 opinabantur,
1350 2819 1437 2884 quem
1514 2841 1515 2856 2

296 2904 484 2988 simpliciter
512 2904 553 2970 de
582 2906 709 2970 actione
737 2905 959 2989 Taraxippum
987 2906 1241 2970 nominaverunt.
1288 2902 1382 2969 Hunc
1408 2907 1439 2966 ut
1514 2899 1515 2992 J

296 3005 506 3074 sacrificando
541 3007 800 3077 reconciliarent,
837 3007 1008 3072 rotundam
1044 3007 1076 3072 ei
1112 3026 1202 3071 aram
1238 3009 1439 3070 exbuxerunt

296 3109 402 3184 (Paus.
418 3109 439 3173 l.
456 3109 494 3174 l.:
516 3109 571 3173 καί
593 3107 692 3174 τοῦδε
713 3102 841 3196 ἡνίοχοι
863 3106 957 3173 ἕνεκα
974 3112 1100 3183 θυσίας
1122 3104 1257 3184 θύουσι,
1278 3106 1335 3170 καὶ
1355 3105 1438 3189 νυνί·

297 3214 383 3275 σθαι
412 3215 530 3296 σφίσιν
557 3209 656 3276 ίίεων
689 3205 840 3291 εὔχονται
871 3205 930 3273 τὸν
962 3206 1208 3292 Ταράξιππον).
1260 3207 1340 3274 (ium
1367 3227 1437 3274 vero

296 3332 354 3378 ara
375 3312 409 3376 in
430 3314 502 3395 ipsa
523 3333 622 3379 arena
649 3319 796 3379 extructa
818 3317 976 3378 certantes
1004 3310 1243 3394 impedivisset,
1271 3311 1305 3375 iu
1326 3329 1437 3394 aggere

296 3412 452 3478 adversus
482 3421 600 3479 metam
627 3433 699 3478 cam
722 3415 1020 3496 accumulaverunt,
1048 3414 1103 3479 ubi
1125 3413 1263 3478 fortasse
1283 3412 1349 3476 ism
1370 3419 1437 3477 cute

297 3515 401 3580 exitus
423 3516 563 3597 patebat.
596 3513 704 3591 Quare
725 3534 831 3597 neque
852 3515 934 3582 forte
949 3516 1125 3598 antiquitus
1147 3513 1192 3578 ibi
1215 3513 1321 3579 stabat
1342 3533 1436 3597 neque

297 3636 437 3700 unquam
460 3634 559 3682 causa
581 3625 650 3682 erat
672 3617 935 3683 consternationis
943 3618 977 3694 ¹):
1000 3618 1099 3682 immo
1121 3617 1164 3682 ad
1179 3615 1382 3682 minuendam
1401 3635 1437 3682 ao

384 3805 407 3869 1)
431 3800 512 3856 Falso
530 3800 612 3868 igitur
628 3800 821 3855 Lehudorffius
839 3817 865 3870 p.
879 3806 928 3856 35:
948 3793 1058 3868 ‘Einige
1075 3798 1241 3869 suppouireu
1257 3791 1328 3862 ihn',
1349 3799 1435 3868 inquit,

292 3880 376 3941 ‘nach
399 3890 492 3953 strong
509 3886 662 3941 wortlicher
679 3885 882 3954 Uebersetzung
905 3885 953 3940 des
970 3884 1121 3939 Pausanias
1142 3883 1192 3938 auf
1207 3885 1255 3936 der
1272 3885 1434 3938 Ausseuseite

298 3975 345 4029 der
362 3974 453 4040 Balio,
477 3973 567 4026 rechts
584 3971 655 4025 nahe
673 3985 716 4024 am
734 3972 870 4038 Ausgang.
906 3971 990 4025 Wbre
1008 3971 1095 4026 dieses
1116 3968 1225 4035 richtig‚
1250 3983 1279 4023 so
1298 3970 1394 4022 musste
1409 3983 1435 4025 er

297 4059 382 4113 sehon
402 4074 452 4112 vor
469 4056 573 4124 Aulegt
596 4055 643 4109 des
665 4055 833 4124 Hippodrom
855 4057 914 4111 sich
938 4055 1000 4110 dort
1021 4055 1158 4112 beiundeu
1179 4053 1281 4119 haben,
1305 4052 1371 4107 deun
1392 4054 1433 4108 ab·

297 4143 422 4199 sicbtlioh
445 4141 512 4197 vird
533 4155 596 4193 man
619 4139 689 4194 doch
712 4140 756 4194 ein
778 4155 809 4195 so
832 4141 883 4195 viel
901 4139 1000 4194 Unhcil
1019 4136 1159 4192 stifteudes
1182 4135 1283 4206 Objeot
1304 4138 1360 4192 sich
1379 4139 1435 4194 dori
