3072 5012
298 376 339 436 74
692 373 726 426 n.
754 373 805 428 nn
822 371 1057 428 consuamus.

297 551 348 630 86,
365 552 394 630 3,
417 546 471 628 qui
493 546 609 614 falsam
631 565 746 631 passus
767 553 816 612 est
836 545 1128 632 interpretationem
1142 542 1231 630 (τοο
1247 546 1365 628 Binum,
1390 544 1445 611 der

296 649 364 716 sich
389 641 531 734 beeilt'):

586 744 604 816 ὃ
628 748 744 838 ψόφος
766 735 805 836 ἦν
827 741 997 836 ὕσπληγος
1019 747 1053 814 ἐν
1077 741 1185 814 οὔασι.

383 851 473 930 Quae
500 873 577 920 vero
605 861 774 937 praeterea
800 871 841 918 ex
869 853 926 918 illo
955 852 1048 918 titulo
1078 850 1245 932 discimus,
1280 870 1320 918 ea
1349 851 1445 917 etiam

296 955 427 1037 gravius
456 955 604 1021 videntur
632 974 711 1020 esse.
756 954 966 1020 Praenkelius
995 973 1046 1018 vv.
1077 957 1095 1016 3
1127 957 1159 1019 et
1188 959 1206 1016 4
1237 973 1309 1017 cum
1338 951 1446 1017 verbis

296 1055 476 1122 Pausaniae
499 1056 542 1122 VI
564 1061 614 1140 20,
641 1063 676 1120 lt
707 1055 860 1141 oppidum
889 1054 1071 1139 Olympiaci
1098 1054 1301 1139 hippodromi
1331 1053 1447 1119 descri·
1518 1061 1519 1064 ’

296 1158 403 1225 bentis
424 1178 553 1244 prorsus
575 1177 748 1240 congruere
771 1157 880 1225 dicens
898 1158 998 1224 verba
1019 1157 1122 1240 magis
1145 1156 1379 1240 contemplatus
1403 1159 1448 1218 est

298 1279 394 1341 quam
417 1281 492 1327 rem.
528 1260 653 1325 Etenim
677 1260 763 1341 quod
779 1260 955 1326 Pausanias
979 1267 1011 1326 et
1032 1259 1085 1326 hic
1106 1257 1305 1326 versificator
1327 1255 1448 1322 eisdem

296 1361 364 1427 iere
379 1361 488 1428 verbis
502 1367 630 1427 utuntur
646 1361 800 1450 (ὕσπληξ,
816 1361 924 1439 κάλως
940 1369 971 1427 et
985 1359 1176 1446 καλῴδιον),
1192 1379 1276 1443 quae
1291 1362 1334 1426 ad
1351 1360 1448 1424 talem

296 1483 365 1528 rem
391 1462 633 1531 describendum
661 1485 766 1548 paene
794 1463 978 1532 necessaria
1006 1469 1094 1545 sunt,
1126 1463 1202 1529 inde
1232 1483 1299 1530 rem
1322 1480 1449 1545 quoque
1519 1447 1520 1472 ¹

296 1563 383 1648 apud
406 1570 573 1647 utrumque
595 1565 731 1632 eandem
753 1585 825 1633 esse
840 1566 970 1632 minime
985 1562 1235 1631 concludendum
1252 1569 1310 1629 est.
1350 1565 1448 1628 lmmo

296 1686 349 1733 res
359 1666 455 1732 valde
467 1666 550 1732 inter
560 1687 596 1734 se
612 1667 801 1753 discrepant.
831 1669 914 1734 Nam
930 1689 1001 1732 cum
1012 1667 1190 1732 Pausanias
1202 1663 1235 1748 (ξ
1245 1669 1298 1749 13)
1312 1664 1353 1730 de
1366 1686 1448 1731 com·

297 1769 442 1853 pluribus
462 1769 590 1835 ionibus
604 1770 739 1853 singulis
754 1770 943 1837 stationibus
958 1769 1135 1853 praetentis
1149 1777 1261 1850 aperte
1277 1767 1376 1848 dicat,
1400 1766 1449 1832 hic
1520 1755 1521 1822 i

296 1890 378 1936 unus
399 1871 515 1936 saltem
530 1871 696 1938 universos
711 1893 820 1940 currus
834 1873 931 1938 alium
947 1871 1038 1937 iuxta
1051 1871 1160 1954 alium,
1183 1871 1265 1935 utin
1280 1871 1374 1936 circis
1391 1871 1449 1935 Ro·

297 1975 409 2056 manis,
424 1973 617 2058 compositos
632 1971 761 2056 (ἀθρόα
777 1972 903 2056 πάντα)
920 1974 1048 2041 cohibet
1060 1977 1104 2056 (v.
1115 1995 1146 2058 p.
1160 1976 1201 2036 75
1212 1971 1312 2056 adn).
1341 1970 1449 2038 Unde

298 2075 472 2142 efficitur
494 2076 689 2143 inventum
709 2077 894 2144 Oleoetae
917 2085 1004 2143 tunc
1027 2076 1208 2161 temporis
1229 2077 1261 2142 lu.
1278 2093 1305 2141 e.
1322 2074 1448 2140 medio

297 2179 421 2244 tertio
449 2199 478 2244 a.
509 2179 571 2244 tlh.
601 2180 766 2246 saeculo
794 2179 1010 2264 Olympiae
1038 2179 1209 2244 nondum
1238 2177 1449 2258 extitisse,

296 2281 434 2364 itaque
458 2281 665 2347 Oleoetam
687 2302 779 2363 non,
810 2286 844 2346 ut
866 2281 927 2346 viri
950 2281 1036 2346 docti
1058 2280 1154 2347 meris
1175 2279 1367 2347 coniecturis
1389 2279 1450 2344 uisi

297 2384 403 2450 adhuc
425 2391 600 2466 senserunt,
623 2384 733 2450 circa
755 2382 812 2449 Ol.
828 2383 969 2449 LXXX
991 2383 1048 2465 (=
1063 2385 1148 2466 460),
1171 2381 1241 2448 sed
1262 2381 1357 2466 plus
1380 2381 1449 2447 du·

298 2488 427 2552 centis
450 2485 566 2552 annis
592 2492 683 2570 post
709 2484 876 2552 vixisse.
913 2485 1029 2552 Omnia
1044 2485 1137 2566 enim,
1160 2505 1244 2569 quae
1258 2485 1300 2550 dc
1317 2484 1449 2550 Cleoeta
1522 2533 1523 2542 ι

298 2588 431 2670 scimus,
458 2588 637 2653 Pausaniae
660 2587 829 2654 debemus:
859 2595 892 2653 et
914 2587 996 2671 patri
1019 2589 1087 2653 eins
1111 2593 1142 2652 et
1162 2584 1229 2652 tilio
1251 2605 1367 2653 nomen
1390 2587 1449 2652 init

297 2688 472 2754 Aristocles
495 2690 553 2770 (Vl
570 2693 625 2770 20,
645 2695 691 2754 14.
726 2691 780 2755 ct'r.
797 2710 827 2773 p.
844 2692 884 2753 59
901 2696 933 2755 et
947 2689 975 2753 V
991 2692 1048 2770 24,
1071 2689 1116 2769 5).
1160 2690 1287 2753 Patrem
1311 2689 1448 2754 eundem

297 2789 489 2855 Aristoclcm
517 2809 588 2856 esse
618 2792 835 2874 coniecerunt,
867 2791 920 2873 qui
949 2791 1038 2856 illam
1068 2790 1237 2856 Aristionis
1266 2791 1447 2855 columnam

297 2893 387 2973 iecit,
416 2891 516 2958 tilium
540 2893 692 2976 eundem,
722 2893 776 2974 qui
799 2895 901 2976 patris
929 2894 1057 2959 nomine
1079 2892 1197 2958 omisso
1219 2891 1289 2957 (llA
1310 2891 1447 2956 ssosass

296 2995 352 3077 (=
368 2993 448 3061 Ditt.
463 2994 535 3079 syll.
553 2999 614 3059 366
624 2996 658 3078 b)
673 2993 724 3061 Ol.
739 2995 835 3062 XCV.
851 2996 944 3062 tertio
962 3014 1044 3062 anno
1061 2995 1117 3080 (=
1133 2995 1239 3078 398Jr)
1261 2991 1446 3059 tundamen-

297 3105 364 3163 tum
393 3097 556 3163 Minervae
583 3096 722 3182 Virginis
747 3098 926 3164 restituisse
955 3103 1228 3164 commemoratur.
1273 3095 1357 3172 Quid
1384 3095 1446 3161 hae

297 3199 515 3283 coniecturae,
538 3218 618 3281 quas
640 3218 843 3285 nequaquam
865 3201 1062 3266 necessarias
1085 3217 1156 3265 esse
1178 3199 1356 3264 concedunt
1377 3198 1444 3276 (cir.

298 3301 478 3386 Overbcck‚
501 3302 619 3367 Antike
636 3301 884 3382 Schrit'tquellen
906 3308 965 3367 etc.
988 3302 1031 3368 ad
1047 3302 1106 3366 No.
1126 3300 1231 3383 1033),
1254 3306 1362 3365 contra
1383 3299 1445 3365 hoc

298 3402 512 3500 testimonium
542 3403 674 3469 valent?
725 3402 795 3467 Huc
824 3405 943 3487 optime
972 3405 1125 3486 quadrat,
1154 3401 1241 3484 quod
1269 3402 1444 3467 Pausanias

298 3511 437 3570 statuam
453 3524 473 3568 a
488 3504 621 3570 Cleocta
634 3505 770 3570 Athenis
791 3506 909 3571 factam
924 3505 993 3588 (cfr.
1008 3529 1039 3591 p.
1057 3508 1111 3588 59)
1138 3504 1277 3588 antiquis
1298 3503 1443 3588 operibus

299 3607 419 3672 diserte
442 3607 575 3690 opponit
599 3607 700 3689 (124,
723 3611 757 3670 3:
786 3605 881 3685 ὅστις
903 3605 1002 3673 δὲτὰ
1034 3604 1094 3672 σὺν
1115 3608 1210 3691 τέχνῃ
1233 3609 1442 3690 πεποιημένα

299 3705 353 3795 [=
375 3703 531 3795 νεώτερα]
562 3704 758 3793 ἐπίπροσθε
785 3712 922 3774 τίθεται
955 3711 1036 3775 τῶν
1072 3706 1111 3785 ἐς
1146 3702 1441 3792 ἀρχαιότητα

298 3807 501 3896 ἡκόντων,
524 3809 580 3874 καὶ
597 3809 678 3874 τάδε
694 3809 785 3876 ’ἐστιν
801 3810 834 3875 οἱ
848 3808 1072 3888 θεάσασθαι).
1109 3811 1280 3875 Praeterea
1294 3811 1439 3892 sequitur,

297 3922 334 3978 ut
360 3913 418 3979 ille
444 3913 618 3997 Aristides,
654 3915 709 3996 qui
736 3913 901 3979 machinas
934 3913 1056 3977 inventi
1083 3911 1234 3977 Clcoetae
1264 3913 1441 3978 emendavit

300 4015 344 4094 (v.
360 4034 392 4097 p.
409 4015 464 4095 59)
486 4036 549 4081 non
572 4015 728 4099 Polycleti
757 4015 933 4099 discipulus
961 4013 1102 4080 eiusdem
1123 4014 1260 4080 nominis
1281 4033 1351 4079 esse
1370 4034 1440 4096 pos·

298 4115 356 4196 sit,
390 4133 486 4196 quem
518 4117 744 4200 quadrigarum
777 4117 986 4199 bigarumque
1018 4115 1172 4182 artificem
1200 4116 1298 4187 luisse
1325 4115 1439 4184 Plinius
