3076 5020
293 373 334 434 48
678 371 714 428 fl.
740 370 792 427 DE
808 369 932 428 LAEVO
950 371 1058 428 (ιῖΒο.

294 553 463 616 venustate
474 553 507 614 et
518 548 681 631 elegantia
694 551 911 630 spectatorum
923 545 1050 613 animos
1064 547 1285 632 maximopere
1296 546 1450 614 delectet.

294 649 423 718 Similia
448 651 483 716 in
511 647 822 732 quadrupedantium
852 647 1010 731 imagines
1038 649 1157 714 valent.
1208 649 1331 715 Harum
1360 651 1452 716 enim

293 753 433 836 pictores
456 752 560 835 bigas,
582 751 808 817 usitatissimos
825 749 1001 832 antiquitus
1016 769 1135 834 currus,
1157 750 1261 834 primo
1275 753 1451 835 pingentes

294 853 329 922 id
343 855 545 938 potissimum
565 851 727 920 debebant
741 855 898 933 spectare,
920 869 961 917 ne
976 858 1049 919 octo
1064 870 1220 936 equorum
1234 853 1336 936 pedes
1350 855 1451 920 nimis

293 957 377 1023 inter
398 976 434 1024 se
450 957 670 1038 miscerentur,
692 951 750 1019 sed
765 953 935 1037 perspicue
956 953 1235 1037 distinguerentur.
1273 956 1451 1022 Praeterea

293 1063 402 1125 autem
424 1077 497 1124 cum
519 1056 723 1124 remotiorem
745 1056 787 1121 ab
809 1055 911 1121 oculis
926 1055 1101 1139 spectantis
1116 1075 1242 1140 equum,
1263 1063 1299 1123 ut
1314 1060 1451 1124 omnino

293 1159 399 1228 videri
413 1165 532 1245 posset,
547 1158 691 1242 paullum
706 1164 834 1240 praeter
848 1159 985 1224 alterum
996 1157 1219 1242 producerent,
1236 1159 1305 1226 eius
1317 1179 1450 1244 quoque

293 1263 372 1329 artis
399 1263 555 1328 rationem
584 1259 705 1326 babere
734 1258 911 1343 debebant,
945 1279 1009 1344 qua
1037 1258 1189 1343 efficitur,
1221 1265 1257 1326 ut
1284 1261 1451 1343 quaedam

294 1365 435 1430 eminere
457 1365 626 1447 inopere,
656 1361 818 1444 quaedam
844 1363 1017 1429 recessisse
1045 1361 1223 1429 credamus.
1268 1363 1450 1448 Utrumque

293 1466 415 1550 optimc
437 1464 700 1548 assequebantur,
723 1463 751 1529 si
773 1462 831 1529 illa
851 1464 925 1547 lege
948 1464 1127 1531 utebantur.

380 1567 476 1646 Quod
504 1585 599 1650 porro
627 1567 661 1630 in
688 1563 773 1648 bigis
805 1565 976 1648 pingendis
1010 1567 1185 1650 antiquitus
1218 1566 1326 1633 iacere
1360 1569 1450 1634 soliti

295 1677 400 1752 erant,
429 1670 465 1736 id
493 1669 591 1736 etiam
619 1666 663 1733 ud
691 1667 816 1749 equites
843 1667 1024 1750 pingendos
1052 1669 1295 1735 transferebant
1339 1670 1379 1736 In
1403 1671 1451 1736 cis

294 1773 380 1838 enim
402 1771 465 1837 hoc
486 1788 615 1854 quoque
637 1769 696 1834 illa
717 1768 791 1850 lege
812 1767 1005 1854 efficiebant,
1027 1775 1063 1834 ut
1078 1771 1201 1853 equites
1222 1791 1286 1836 nou
1308 1772 1451 1838 alterum

294 1877 397 1941 solum
411 1874 496 1939 latus
511 1871 725 1953 ostenderent,
740 1869 798 1937 sed
813 1875 924 1954 pectus
939 1889 1077 1955 quoquc,
1092 1873 1170 1955 quia
1181 1873 1450 1957 quadrupedante

294 1995 378 2060 equo
401 1975 620 2058 obliquatione
641 1973 782 2058 quadam
797 1974 844 2039 sio
859 1979 1032 2056 gestantur,
1055 1979 1090 2039 ut
1104 1975 1186 2041 alter
1200 1995 1328 2042 umerus
1344 1977 1449 2042 altero
1525 1999 1526 2042 ι

294 2079 337 2144 sit
363 2077 550 2161 proiectior:
580 2095 652 2142 cum
682 2075 768 2141 enim
795 2073 911 2140 dextm
933 2094 1034 2157 equus
1063 2077 1301 2159 quadrupedia,
1331 2076 1451 2144 dexter
1525 2077 1526 2154 ζ

293 2180 410 2263 equitis
433 2197 561 2245 umerus
582 2178 764 2244 necessario
787 2175 956 2260 prominet,
978 2176 1158 2261 eademque
1173 2185 1284 2244 contra
1297 2180 1449 2255 valent¹l

379 2280 504 2347 Summi
531 2300 609 2347 vero
638 2279 791 2346 momenti
820 2278 910 2344 illam
939 2279 1044 2361 legem
1073 2279 1172 2346 luisse
1200 2280 1243 2345 ud
1271 2280 1449 2364 quadrigas

293 2380 472 2466 pingendas
500 2383 532 2447 in
560 2383 730 2466 propatulo
754 2387 811 2446 cst.
855 2381 893 2446 Iu
916 2379 966 2446 bIs
989 2381 1074 2446 euim
1102 2381 1275 2448 difficultas
1303 2382 1448 2449 dilucide

293 2483 448 2568 plngendi
463 2483 627 2568 duplicata
643 2491 719 2550 crat.
757 2482 861 2561 Quam
877 2481 1146 2565 quemadmodum
1161 2485 1300 2567 pictores
1315 2505 1449 2569 supera·

293 2587 366 2667 rint,
388 2587 538 2669 persequi
562 2604 680 2669 operae
701 2587 840 2669 pretium
863 2591 920 2651 est.
958 2585 1039 2652 Tres
1054 2585 1143 2652 modi
1164 2593 1298 2669 possunt
1313 2589 1400 2655 inter
1414 2605 1448 2654 sc

294 2686 458 2770 distingui.
502 2688 752 2771 Antiquissimns
774 2686 902 2754 videtur
925 2687 952 2754 is
974 2706 1062 2771 esse,
1091 2707 1155 2771 quo
1178 2687 1243 2754 duo
1272 2689 1347 2772 equi
1374 2709 1447 2756 con·

294 2790 449 2856 sideranti
464 2790 652 2857 remotiores
668 2790 775 2872 capita
789 2790 886 2856 altius
897 2791 1043 2867 retinent,
1059 2790 1124 2856 duo
1135 2791 1303 2874 propiores
1317 2791 1448 2875 longius

293 2893 475 2976 porrigunt,
505 2899 540 2958 ut
561 2892 645 2958 duae
674 2892 754 2957 fiant
774 2891 960 2968 biniones.²)
1005 2892 1067 2958 Hic
1088 2892 1203 2959 modus
1225 2894 1271 2958 ita
1292 2894 1446 2974 variatur,

293 3015 487 3079 quamquam
514 2995 692 3076 rarissime,
721 3000 758 3059 ut
773 2999 829 3060 aut
850 2995 1018 3078 propiores
1040 2996 1116 3077 equi
1138 2995 1247 3077 capita
1267 2995 1365 3062 altius
1389 2995 1447 3060 tol·

292 3099 362 3164 lant
383 3097 542 3178 (Gerhard
564 3096 689 3164 Anserl.
712 3116 759 3179 gr.
783 3096 820 3162 V.
843 3095 943 3173 XCV)
970 3102 1027 3162 aut
1047 3097 1112 3163 duo
1135 3096 1234 3162 modii
1257 3095 1446 3178 (Ingbirami

294 3199 331 3265 V.
354 3201 377 3266 l.
398 3201 463 3266 tab.
486 3198 630 3266 CCXIX.
654 3196 781 3264 CCXX.
815 3198 893 3263 Len.
916 3197 1012 3264 etde
1035 3197 1133 3264 Witte
1155 3197 1204 3263 El.
1228 3201 1291 3264 cer.
1315 3199 1382 3264 vol.
1405 3197 1445 3264 II.

380 3370 404 3431 1)
420 3365 520 3433 Iughir.
532 3364 582 3419 III.
594 3364 669 3419 XIV.
681 3363 806 3419 XLVIII.
819 3362 905 3419 LVII.
918 3361 1040 3418 CXXIX.
1051 3362 1156 3418 CLXV.
1168 3362 1353 3420 CLXXXVII.
1365 3361 1445 3419 0011.

295 3447 438 3506 OOXXVI.
458 3449 586 3504 OGLXV.
622 3448 705 3503 Gerh.
723 3449 760 3503 ib.
779 3447 919 3503 cccxxl.

380 3538 405 3601 2)
423 3533 525 3602 Iugbir.
542 3533 590 3587 IV.
610 3532 648 3597 V,
671 3533 718 3586 ubi
740 3533 781 3586 uti
797 3533 825 3587 iu
842 3532 1038 3603 antiquissimis
1056 3532 1168 3605 picturis
1185 3533 1238 3588 hoc
1256 3534 1345 3588 miuus
1363 3531 1444 3601 signi·

292 3617 403 3674 ficatum
426 3624 476 3674 est.
511 3617 622 3673 cxxv.
646 3617 703 3672 xc.
727 3617 820 3674 ocur.
844 3618 963 3673 ocxm.
988 3618 1061 3675 occ.
1086 3617 1445 3674 cco1.ccov.oocv11.
1524 3603 1525 3606 ‘

292 3702 409 3758 ccc1x.
421 3702 585 3759 cccxcvi
614 3702 738 3757 Gerhard
750 3703 783 3758 V.
802 3703 860 3758 XL.
880 3704 941 3759 LIV
954 3703 1039 3772 capri.
1057 3703 1129 3758 LXI.
1147 3701 1233 3759 LXII.
1245 3703 1341 3758 XOIV.
1361 3701 1443 3760 cxlr.

293 3788 376 3844 CXX.
400 3788 522 3844 cxxnl.
547 3787 705 3855 oon1v‚1.
733 3787 877 3853 001.an
896 3792 920 3845 2.
949 3789 1087 3856 cccxlv,
1110 3794 1130 3844 1.
1159 3787 1314 3843 OOLXVII.
1343 3787 1443 3845 OGOX.

293 3873 409 3929 cccxl.
429 3872 556 3939 cocum,
577 3879 600 3928 l.
630 3872 697 3928 Len.
716 3876 744 3927 et
762 3873 787 3926 d.
805 3873 849 3928 W.
868 3874 920 3930 vol.
938 3873 960 3928 I.
977 3875 1034 3929 tab.
1054 3874 1075 3929 I.
1105 3875 1158 3929 rol.
1176 3873 1225 3928 111.
1244 3875 1302 3928 tab.
1320 3873 1394 3928 XLI.
1414 3872 1443 3924 Ο.

292 3959 368 4014 Mon.
387 3959 413 4014 d.
431 3960 498 4014 lust.
516 3960 568 4014 vol.
588 3958 620 4013 V.
640 3960 696 4013 tab.
709 3957 762 4011 XX
780 3961 823 4024 (ι
840 3959 1009 4026 Engclmaun
1028 3958 1187 4014 Bilderatlas
1208 3973 1274 4026 pare
1286 3959 1308 4013 Ι.
1326 3957 1372 4026 fig.
1385 3957 1441 4022 IX).

292 4043 365 4100 Mus.
379 4045 458 4112 Grcg.
471 4045 523 4098 vol.
532 4043 568 4098 11.
581 4043 734 4109 tab.X‚4a.
745 4041 809 4110 XII,
819 4044 865 4098 lb.
878 4041 953 4099 XIII.
966 4042 1054 4098 XXII.
1068 4041 1197 4106 XXVIII,
1207 4048 1215 4095 l
1225 4057 1249 4096 a.
1261 4043 1442 4112 XXXIV,3a.

292 4127 445 4184 XXXVIII.
463 4127 562 4182 XLIX.
581 4127 696 4193 LII‚1a.
715 4127 787 4182 LIV.
