3076 5020
291 347 332 408 24
571 346 604 402 Β.
631 345 682 402 DE
699 344 940 402 HIPPODROMO
958 343 1159 401 NONNIANO.

291 521 337 587 VI
352 525 389 586 41
415 521 448 584 in
463 522 694 603 epigrammate
709 518 870 601 Agathino
885 518 1087 602 Scholastioi,
1107 537 1170 600 quo
1185 517 1329 600 agricola
1343 515 1450 588 Galli·

292 641 402 689 menes
424 619 533 687 Oereri
555 622 675 688 rustica
696 621 1032 687 instrumentarovit:

566 737 693 824 τμήξας
715 729 874 820 mendeno
897 736 991 825 ῥάχιν
1015 730 1166 823 ὀργάδας.

293 857 410 925 Verum
427 877 539 924 noune
567 857 620 925 hio
642 877 770 942 quoque
793 859 885 924 collis
906 859 995 924 notio
1023 857 1192 940 aptissima
1213 854 1285 920 est?
1327 855 1447 920 Nonne

292 961 441 1044 permulti
462 961 532 1044 agri
554 960 631 1026 oulti
653 961 686 1025 in
708 959 847 1026 oollibua
870 967 943 1026 aunt
971 959 1049 1026 siti?
1093 957 1184 1036 Quae
1207 977 1279 1023 oum
1302 956 1347 1022 ita
1370 957 1446 1039 sint,

293 1062 327 1126 in
348 1081 429 1128 vooe
456 1058 550 1146 ῥάχις
578 1061 729 1127 mendum
750 1063 852 1128 latere
874 1060 971 1129 oredo
994 1067 1026 1125 et
1055 1060 1160 1125 eoribo
1183 1058 1356 1124 admodum
1379 1059 1446 1124 leni

294 1164 470 1228 mutatione
492 1159 596 1248 ῥαχά
603 1185 635 1245 ς,
665 1182 730 1246 quo
758 1164 918 1229 vocabulo
946 1170 1050 1229 terrae
1076 1160 1192 1228 fissura
1213 1161 1282 1227 eive
1304 1178 1447 1226 caverna

262 1335 265 1343 ¹
294 1262 506 1347 significatur,
535 1266 624 1332 volut
650 1264 747 1330 Diod.
761 1264 825 1331 sio.
841 1265 857 1330 I
873 1267 929 1329 39:
958 1263 1063 1349 »φησι
1091 1259 1153 1347 γὰρ
1182 1257 1242 1348 τὴν
1264 1259 1445 1344 Αἴγυπτον

295 1357 432 1429 ἅπασαν
460 1349 563 1430 οὖσαν
580 1362 855 1453 Κποταμόχωστον
883 1367 939 1431 καὶ
964 1361 1103 1450 χαύνην,
1133 1362 1183 1429 ’ἐτι
1212 1361 1248 1427 δὲ
1276 1359 1443 1449 κισηρώδη

293 1463 354 1553 τὴν
377 1463 488 1551 φύσιν,
512 1464 696 1552 ῥαγάδας
717 1489 754 1530 τε
775 1464 920 1549 μεγάλας
935 1467 990 1531 καὶ
1007 1465 1167 1551 διηνεκεῖς
1184 1463 1301 1546 ἔχειν’.
1331 1458 1445 1548 Ῥαχὰς

294 1575 403 1634 autem
430 1567 616 1633 κοιλαίνετο
637 1574 734 1654 γαίης
756 1588 797 1634 ea
824 1567 927 1651 figura
955 1568 1074 1635 dietum
1104 1575 1167 1650 ost,
1194 1587 1259 1650 qua
1280 1567 1445 1632 tritissima

294 1676 426 1754 poetae,
456 1669 542 1752 quod
571 1670 671 1736 verbo
699 1670 769 1737 fieri
798 1671 929 1753 dieitur,
959 1672 994 1736 id
1016 1671 1214 1736 substantivo
1237 1669 1302 1733 iam
1325 1669 1443 1734 faotum

295 1766 489 1853 anticipant:
514 1765 678 1837 ‘Goartato
701 1779 807 1837 antem
829 1770 927 1838 fluctu
948 1773 1079 1855 pluviae
1108 1779 1225 1837 terram
1248 1770 1443 1837 corrodentis

296 1893 437 1940 eaverna
459 1874 677 1939 excavabatnr
699 1865 827 1939 terrae'.
