3076 5020
465 394 501 450 11.
528 394 579 449 DE
596 394 719 452 LAEVO
738 396 845 453 GYRO.

78 567 189 634 Noun.
205 566 299 633 Dion.
315 566 476 632 XXXVII
489 569 645 634 utu-20.
668 572 812 636 207-9:

821 663 1011 758 ἀμφότερον
1034 671 1083 754 δέ,

168 772 292 854 κέντρῳ
315 766 526 857 ἐπισπέρχων
548 775 700 857 προχέων
721 765 920 858 πλήξιππον
943 766 1087 863 ἀπειλὴν

168 869 308 949 δεξιὸν
330 871 440 938 ἵππον
463 871 587 954 ἔλαυνε,
609 870 782 960 θοώτερον
805 873 855 953 εἰς
876 874 1000 960 δρόμον
1023 875 1125 946 ἕλκων

168 966 330 1057 ἆθλιβέος
351 973 549 1057 μεθέποντα
570 974 758 1060 παρειμένα
779 974 880 1042 κύκλα
900 977 1046 1060 χαλινοῦ,

168 1070 309 1142 σκέπτεό
332 1100 392 1159 μοι
413 1079 469 1143 καλ
492 1082 611 1164 σφλχχε
632 1080 847 1165 κνβερνητῆρι
866 1080 993 1166 χαλινῷ

167 1177 342 1260 tappulam
364 1170 443 1246 ύλον
465 1178 575 1245 ἵππον
598 1171 824 1264 ἀριστερὸν
848 1178 995 1266 ἔχχύθι
1017 1182 1189 1274 νύσσης,

168 1278 265 1358 λοξὸς
287 1278 345 1346 ἐπὶ
367 1281 532 1370 πλευρῇσι
553 1277 762 1362 παρακλιδὸν
785 1272 874 1368 ἕρμα
895 1283 1057 1368 βαρύνων.

79 1401 178 1469 0vid.
192 1401 299 1467 Amor.
315 1401 411 1484 1112,
427 1404 567 1468 81-82:

165 1502 253 1581 Quid
274 1503 366 1585 lacis,
388 1503 525 1570 infelix?
551 1503 660 1587 perdis
682 1504 772 1570 boba
790 1509 868 1570 vota
888 1506 1026 1588 puellae.

208 1604 323 1671 ‘leuda
341 1624 457 1689 precor
477 1606 589 1672 valida
611 1605 683 1670 lora
703 1605 878 1672 sinistra
898 1627 1005 1674 mauu.

79 1725 137 1790 Sil.
152 1724 225 1790 Ital.
240 1724 319 1790 XVI
335 1725 496 1788 362-64:

163 1844 208 1909 At
228 1843 342 1909 docilis
364 1843 447 1908 freni
470 1849 501 1907 et
522 1842 635 1907 melior
656 1862 770 1924 parere
791 1843 925 1910 Pelorus

163 1945 238 2012 Nou
260 1965 401 2029 unquam
423 1943 558 2011 effusum
581 1944 730 2010 sinuabat
752 1944 866 2012 devius
888 1964 994 2028 axem,

165 2047 231 2114 Sed
253 2048 373 2114 laevo
396 2047 528 2111 interior
549 2045 728 2129 stringebat
749 2047 915 2111 tramite
937 2052 1065 2113 metam.

79 2167 156 2234 Luc.
170 2166 282 2232 Plrurs.
299 2165 377 2230 VIII
393 2166 574 2230 199-201:

509 2266 583 2330 Non
605 2267 652 2331 sio
673 2263 857 2330 moderator
879 2284 1033 2348 equorum

163 2368 354 2434 Dexteriore
376 2374 448 2433 rota
468 2368 631 2434 laevum
654 2387 726 2433 oum
748 2367 860 2432 circuit
882 2367 1032 2453 orbem,

163 2469 258 2554 Cogit
279 2468 458 2536 inoffensae
479 2490 588 2536 currus
611 2468 766 2534 accedere
788 2473 904 2534 metae.

161 2589 328 2656 Accedunt
342 2587 384 2654 ad
400 2586 482 2654 haec
496 2593 663 2670 poetarum
678 2587 863 2654 testimonia
877 2597 1143 2657 monumenta.
1178 2593 1228 2659 Ex

79 2709 188 2756 eorum
210 2696 317 2756 autem
337 2710 470 2757 numero
494 2708 534 2754 ea
548 2690 619 2754 sola
638 2688 701 2756 huc
715 2688 828 2755 referri
846 2696 975 2772 queunt,
999 2710 1082 2773 quae
1104 2699 1160 2759 aut
1181 2695 1229 2760 iu·

78 2798 200 2876 tegrum
229 2791 477 2875 hippodromum
505 2798 561 2856 aut
589 2797 674 2858 certe
697 2793 822 2875 spinam
849 2792 902 2857 vel
924 2796 1042 2858 metam
1064 2794 1228 2879 exhibent,

79 2895 154 2976 quia
182 2913 201 2960 e
228 2895 330 2977 gradu
353 2914 506 2977 equorum
530 2893 571 2960 de
594 2894 666 2977 gyri
688 2895 836 2977 regione,
866 2899 901 2959 ut
929 2914 1006 2958 mox
1033 2894 1227 2980 videbimus,

77 3015 221 3077 prorsum
244 2995 324 3060 nibil
345 3003 451 3080 potest
472 2997 591 3079 colligi.
637 2999 686 3062 Ao
708 2996 834 3062 Graeca
859 2994 990 3078 quidem
1011 3006 1228 3081 monumenta,

77 3097 109 3162 iu
131 3097 245 3180 quibus
269 3099 323 3164 vel
344 3106 478 3182 utraque
500 3098 705 3182 hippodromi
721 3117 820 3163 arena
834 3099 888 3163 vel
909 3099 1004 3180 spina
1025 3098 1155 3180 depicta
1176 3101 1228 3183 sit,

77 3219 140 3264 uou
159 3200 247 3266 novi.
291 3200 362 3268 Hoc
384 3202 418 3266 in
439 3201 561 3267 Italicis
584 3199 680 3265 modo
702 3199 822 3265 lactum
845 3217 915 3265 esse
937 3200 1073 3282 reperio.
1081 3203 1102 3277 ¹)
1146 3200 1228 3268 Sunt

78 3309 183 3368 autem
205 3301 341 3386 Graeca,
364 3304 397 3368 iu
420 3302 535 3385 quibus
557 3308 675 3368 metam
697 3300 863 3367 babemus.
908 3301 1063 3368 Videmus
1085 3303 1170 3368 enim
1193 3305 1228 3369 iu

78 3405 235 3470 nonnullis
263 3424 413 3471 vasorum
442 3404 636 3487 imaginibus
665 3404 847 3470 columnam
873 3404 1052 3487 appictum,
1081 3424 1147 3488 que
1167 3427 1226 3490 pro

79 3511 161 3570 meta
182 3507 289 3588 posita
311 3513 473 3573 certamen
488 3504 662 3588 significari
677 3505 824 3570 arbitror.
860 3504 940 3570 (lum
956 3512 1063 3572 autem
1086 3508 1120 3572 in
1142 3508 1223 3575 eius-

79 3606 161 3672 modi
184 3608 363 3674 simulacris
384 3613 472 3673 meta
494 3614 525 3672 et
547 3608 656 3690 spina,
680 3608 707 3673 si
729 3607 818 3689 picta
842 3612 924 3688 sunt,
947 3627 1073 3690 semper
1094 3609 1137 3674 ad
1159 3610 1224 3674 lae-

79 3727 148 3774 vam
170 3710 360 3775 certantium
382 3711 454 3793 sint,
477 3709 552 3776 inde
574 3712 669 3775 laevo
693 3729 748 3774 eos
770 3728 850 3791 gyro
875 3708 1044 3774 decurrere
1067 3709 1179 3775 elucet.

158 3809 226 3877 Sed
246 3812 351 3878 minus
372 3818 483 3878 notam
505 3831 602 3894 quam
623 3812 727 3893 ipsam
750 3829 818 3874 rem
838 3809 886 3874 rei
909 3829 1040 3875 oausam
1062 3828 1133 3876 esse
1156 3812 1224 3876 exi·

80 3911 177 3976 stimo.
214 3911 259 3979 Ut
281 3913 314 3978 iu
329 3914 403 3981 aliis
417 3914 523 3996 rebus,
546 3915 593 3980 sio
615 3913 712 3978 etiam
735 3912 769 3975 iu
788 3911 988 3993 equestribus
1002 3916 1128 3978 veteres
1151 3911 1223 3977 dili·

160 4067 185 4128 l)
203 4061 275 4117 ltlus.
295 4062 441 4116 Pio-Clem.
459 4063 493 4118 V.
511 4064 568 4118 tab.
581 4059 861 4115 XXXVIII—XLIII.
896 4059 1050 4114 Delaborde
1066 4059 1222 4117 Pauimento

81 4145 130 4199 tab.
150 4147 199 4201 XV
216 4163 261 4202 no.
281 4147 303 4213 1,
322 4147 369 4202 ubi
386 4148 553 4202 luculentum
570 4146 663 4217 spinae
681 4146 806 4214 obliquae
824 4145 974 4214 exemplum
992 4143 1084 4199 babes.
