<?xml version="1.0" encoding="UTF-8"?>
<!DOCTYPE html PUBLIC "-//W3C//DTD XHTML 1.0 Transitional//EN"
    "http://www.w3.org/TR/xhtml1/DTD/xhtml1-transitional.dtd">
<html xmlns="http://www.w3.org/1999/xhtml" xml:lang="en" lang="en">
 <head>
  <title>
</title>
<meta http-equiv="Content-Type" content="text/html;charset=utf-8" />
  <meta name='ocr-system' content='tesseract 3.04.00' />
  <meta name='ocr-capabilities' content='ocr_page ocr_carea ocr_par ocr_line ocrx_word'/>
</head>
<body>
  <div class='ocr_page' id='page_1' title='image "./hippodromica00pollgoog_0075.png"; bbox 0 0 3072 5012; ppageno 0'>
   <div class='ocr_carea' id='block_1_1' title="bbox 318 395 1076 458">
    <p class='ocr_par' dir='ltr' id='par_1_1' title="bbox 318 395 1076 458">
     <span class='ocr_line' id='line_1_1' title="bbox 318 395 1076 458; baseline -0.012 -1"><span class='ocrx_word' id='word_1_1' title='bbox 318 397 359 458; x_wconf 90' lang='grc'>66</span> <span class='ocrx_word' id='word_1_2' title='bbox 714 397 746 450; x_wconf 79' lang='grc' dir='ltr'>Α.</span> <span class='ocrx_word' id='word_1_3' title='bbox 774 396 823 450; x_wconf 87' lang='lat' dir='ltr'>DE</span> <span class='ocrx_word' id='word_1_4' title='bbox 841 395 1076 452; x_wconf 83' lang='lat' dir='ltr'>CAROERIBUS.</span> 
     </span>
    </p>
   </div>
   <div class='ocr_carea' id='block_1_2' title="bbox 318 566 1467 4209">
    <p class='ocr_par' dir='ltr' id='par_1_2' title="bbox 318 566 1467 1656">
     <span class='ocr_line' id='line_1_2' title="bbox 319 566 1467 657; baseline -0.005 -20"><span class='ocrx_word' id='word_1_5' title='bbox 319 571 424 657; x_wconf 90' lang='lat' dir='ltr'>spatio</span> <span class='ocrx_word' id='word_1_6' title='bbox 447 568 501 635; x_wconf 90' lang='lat' dir='ltr'>SK</span> <span class='ocrx_word' id='word_1_7' title='bbox 524 590 582 654; x_wconf 94' lang='lat' dir='ltr'>par</span> <span class='ocrx_word' id='word_1_8' title='bbox 605 578 690 636; x_wconf 89' lang='lat' dir='ltr'>esset</span> <span class='ocrx_word' id='word_1_9' title='bbox 719 568 750 634; x_wconf 91' lang='lat' dir='ltr'>h.</span> <span class='ocrx_word' id='word_1_10' title='bbox 774 591 800 635; x_wconf 93' lang='lat' dir='ltr'>e.</span> <span class='ocrx_word' id='word_1_11' title='bbox 824 588 894 634; x_wconf 91' lang='lat' dir='ltr'>enm</span> <span class='ocrx_word' id='word_1_12' title='bbox 917 589 956 635; x_wconf 90' lang='lat' dir='ltr'>eo</span> <span class='ocrx_word' id='word_1_13' title='bbox 978 575 1146 652; x_wconf 85' lang='lat' dir='ltr'>venerant,</span> <span class='ocrx_word' id='word_1_14' title='bbox 1177 568 1233 634; x_wconf 88' lang='lat' dir='ltr'>ubi</span> <span class='ocrx_word' id='word_1_15' title='bbox 1255 577 1305 634; x_wconf 89' lang='lat' dir='ltr'>est</span> <span class='ocrx_word' id='word_1_16' title='bbox 1324 566 1467 645; x_wconf 80' lang='lat' dir='ltr'>literaQ</span> 
     </span>
     <span class='ocr_line' id='line_1_3' title="bbox 319 669 1466 756; baseline -0.005 -17"><span class='ocrx_word' id='word_1_17' title='bbox 319 681 425 740; x_wconf 89' lang='lat' dir='ltr'>metae</span> <span class='ocrx_word' id='word_1_18' title='bbox 447 671 589 738; x_wconf 89' lang='lat' dir='ltr'>interiori</span> <span class='ocrx_word' id='word_1_19' title='bbox 611 677 760 752; x_wconf 88' lang='lat' dir='ltr'>aequata.</span> <span class='ocrx_word' id='word_1_20' title='bbox 803 669 899 736; x_wconf 87' lang='lat' dir='ltr'>Adde</span> <span class='ocrx_word' id='word_1_21' title='bbox 921 679 1073 753; x_wconf 86' lang='lat' dir='ltr'>equorum</span> <span class='ocrx_word' id='word_1_22' title='bbox 1096 671 1254 756; x_wconf 79' lang='lat' dir='ltr'>imprimis</span> <span class='ocrx_word' id='word_1_23' title='bbox 1280 671 1466 738; x_wconf 77' lang='lat' dir='ltr'>certantium</span> 
     </span>
     <span class='ocr_line' id='line_1_4' title="bbox 319 771 1465 855; baseline -0.006 -14"><span class='ocrx_word' id='word_1_24' title='bbox 319 773 597 855; x_wconf 88' lang='lat' dir='ltr'>consuetudinem,</span> <span class='ocrx_word' id='word_1_25' title='bbox 627 791 692 854; x_wconf 88' lang='lat' dir='ltr'>qna</span> <span class='ocrx_word' id='word_1_26' title='bbox 718 773 800 840; x_wconf 87' lang='lat' dir='ltr'>alios</span> <span class='ocrx_word' id='word_1_27' title='bbox 827 789 925 852; x_wconf 88' lang='lat' dir='ltr'>equos</span> <span class='ocrx_word' id='word_1_28' title='bbox 954 773 982 837; x_wconf 91' lang='lat' dir='ltr'>si</span> <span class='ocrx_word' id='word_1_29' title='bbox 1008 779 1083 839; x_wconf 89' lang='lat' dir='ltr'>ante</span> <span class='ocrx_word' id='word_1_30' title='bbox 1104 791 1140 838; x_wconf 89' lang='lat' dir='ltr'>se</span> <span class='ocrx_word' id='word_1_31' title='bbox 1162 779 1326 839; x_wconf 89' lang='lat' dir='ltr'>currentes</span> <span class='ocrx_word' id='word_1_32' title='bbox 1349 771 1465 848; x_wconf 84' lang='lat' dir='ltr'>rident,</span> 
     </span>
     <span class='ocr_line' id='line_1_5' title="bbox 318 873 1467 960; baseline -0.007 -16"><span class='ocrx_word' id='word_1_33' title='bbox 318 895 520 960; x_wconf 89' lang='lat' dir='ltr'>summopere</span> <span class='ocrx_word' id='word_1_34' title='bbox 549 874 701 956; x_wconf 88' lang='lat' dir='ltr'>consequi</span> <span class='ocrx_word' id='word_1_35' title='bbox 728 873 871 958; x_wconf 82' lang='lat' dir='ltr'>student,</span> <span class='ocrx_word' id='word_1_36' title='bbox 900 880 937 939; x_wconf 92' lang='lat' dir='ltr'>ut</span> <span class='ocrx_word' id='word_1_37' title='bbox 964 875 1039 955; x_wconf 87' lang='lat' dir='ltr'>equi</span> <span class='ocrx_word' id='word_1_38' title='bbox 1065 873 1238 940; x_wconf 89' lang='lat' dir='ltr'>novissime</span> <span class='ocrx_word' id='word_1_39' title='bbox 1266 885 1467 940; x_wconf 81' lang='lat' dir='ltr'><strong>excurrentes</strong></span> 
     </span>
     <span class='ocr_line' id='line_1_6' title="bbox 319 975 1467 1060; baseline -0.005 -16"><span class='ocrx_word' id='word_1_40' title='bbox 319 980 439 1045; x_wconf 92' lang='lat' dir='ltr'>maiore</span> <span class='ocrx_word' id='word_1_41' title='bbox 461 976 567 1044; x_wconf 89' lang='lat' dir='ltr'>studio</span> <span class='ocrx_word' id='word_1_42' title='bbox 590 983 687 1058; x_wconf 86' lang='lat' dir='ltr'>atque</span> <span class='ocrx_word' id='word_1_43' title='bbox 708 977 830 1060; x_wconf 91' lang='lat' dir='ltr'>impetu</span> <span class='ocrx_word' id='word_1_44' title='bbox 852 995 979 1040; x_wconf 87' lang='lat' dir='ltr'>cursum</span> <span class='ocrx_word' id='word_1_45' title='bbox 999 975 1152 1058; x_wconf 90' lang='lat' dir='ltr'>incipiant</span> <span class='ocrx_word' id='word_1_46' title='bbox 1167 994 1263 1056; x_wconf 87' lang='lat' dir='ltr'>qnam</span> <span class='ocrx_word' id='word_1_47' title='bbox 1278 976 1385 1060; x_wconf 89' lang='lat' dir='ltr'>primi.</span> <span class='ocrx_word' id='word_1_48' title='bbox 1423 975 1467 1038; x_wconf 83' lang='lat' dir='ltr'>Ex</span> 
     </span>
     <span class='ocr_line' id='line_1_7' title="bbox 320 1076 1466 1165; baseline -0.006 -19"><span class='ocrx_word' id='word_1_49' title='bbox 320 1100 382 1162; x_wconf 88' lang='lat' dir='ltr'>qno</span> <span class='ocrx_word' id='word_1_50' title='bbox 405 1081 605 1165; x_wconf 90' lang='lat' dir='ltr'>perspicuum</span> <span class='ocrx_word' id='word_1_51' title='bbox 629 1085 679 1144; x_wconf 91' lang='lat' dir='ltr'>est</span> <span class='ocrx_word' id='word_1_52' title='bbox 698 1077 818 1144; x_wconf 92' lang='lat' dir='ltr'>lineam</span> <span class='ocrx_word' id='word_1_53' title='bbox 840 1077 990 1142; x_wconf 74' lang='lat' dir='ltr'>falcatam</span> <span class='ocrx_word' id='word_1_54' title='bbox 1012 1076 1099 1142; x_wconf 86' lang='lat' dir='ltr'>KRL</span> <span class='ocrx_word' id='word_1_55' title='bbox 1128 1076 1237 1141; x_wconf 87' lang='lat' dir='ltr'>media</span> <span class='ocrx_word' id='word_1_56' title='bbox 1265 1083 1360 1161; x_wconf 86' lang='lat' dir='ltr'>parte</span> <span class='ocrx_word' id='word_1_57' title='bbox 1382 1076 1466 1160; x_wconf 90' lang='lat' dir='ltr'>panl-</span> 
     </span>
     <span class='ocr_line' id='line_1_8' title="bbox 318 1177 1465 1267; baseline -0.004 -20"><span class='ocrx_word' id='word_1_58' title='bbox 318 1181 408 1248; x_wconf 87' lang='lat' dir='ltr'>latim</span> <span class='ocrx_word' id='word_1_59' title='bbox 431 1181 625 1267; x_wconf 89' lang='lat' dir='ltr'>procedente</span> <span class='ocrx_word' id='word_1_60' title='bbox 647 1199 685 1245; x_wconf 92' lang='lat' dir='ltr'>eo</span> <span class='ocrx_word' id='word_1_61' title='bbox 708 1179 886 1263; x_wconf 88' lang='lat' dir='ltr'>planiorem</span> <span class='ocrx_word' id='word_1_62' title='bbox 906 1177 986 1259; x_wconf 89' lang='lat' dir='ltr'>fieri,</span> <span class='ocrx_word' id='word_1_63' title='bbox 1008 1196 1071 1259; x_wconf 89' lang='lat' dir='ltr'>quo</span> <span class='ocrx_word' id='word_1_64' title='bbox 1094 1178 1223 1262; x_wconf 90' lang='lat' dir='ltr'>propius</span> <span class='ocrx_word' id='word_1_65' title='bbox 1245 1179 1288 1244; x_wconf 87' lang='lat' dir='ltr'>ad</span> <span class='ocrx_word' id='word_1_66' title='bbox 1310 1179 1356 1245; x_wconf 83' lang='lat' dir='ltr'>Mr</span> <span class='ocrx_word' id='word_1_67' title='bbox 1382 1197 1465 1243; x_wconf 88' lang='lat' dir='ltr'>acoe-</span> 
     </span>
     <span class='ocr_line' id='line_1_9' title="bbox 319 1277 1463 1366; baseline -0.008 -16"><span class='ocrx_word' id='word_1_68' title='bbox 319 1285 419 1366; x_wconf 87' lang='lat' dir='ltr'>deret,</span> <span class='ocrx_word' id='word_1_69' title='bbox 443 1291 477 1348; x_wconf 90' lang='lat' dir='ltr'>nt</span> <span class='ocrx_word' id='word_1_70' title='bbox 498 1282 542 1349; x_wconf 90' lang='lat' dir='ltr'>ad</span> <span class='ocrx_word' id='word_1_71' title='bbox 563 1283 666 1366; x_wconf 91' lang='lat' dir='ltr'>ipsam</span> <span class='ocrx_word' id='word_1_72' title='bbox 688 1286 805 1347; x_wconf 90' lang='lat' dir='ltr'>metam</span> <span class='ocrx_word' id='word_1_73' title='bbox 823 1281 909 1346; x_wconf 89' lang='lat' dir='ltr'>linea</span> <span class='ocrx_word' id='word_1_74' title='bbox 924 1281 1028 1345; x_wconf 89' lang='lat' dir='ltr'>minus</span> <span class='ocrx_word' id='word_1_75' title='bbox 1043 1299 1141 1345; x_wconf 87' lang='lat' dir='ltr'>curva</span> <span class='ocrx_word' id='word_1_76' title='bbox 1156 1277 1264 1357; x_wconf 83' lang='lat' dir='ltr'>blrQN</span> <span class='ocrx_word' id='word_1_77' title='bbox 1280 1279 1463 1346; x_wconf 86' lang='lat' dir='ltr'>efficeretur.</span> 
     </span>
     <span class='ocr_line' id='line_1_10' title="bbox 319 1380 1462 1470; baseline -0.004 -18"><span class='ocrx_word' id='word_1_78' title='bbox 319 1389 348 1452; x_wconf 87' lang='lat' dir='ltr'>A</span> <span class='ocrx_word' id='word_1_79' title='bbox 371 1404 436 1467; x_wconf 90' lang='lat' dir='ltr'>qna</span> <span class='ocrx_word' id='word_1_80' title='bbox 457 1384 559 1467; x_wconf 92' lang='lat' dir='ltr'>linea,</span> <span class='ocrx_word' id='word_1_81' title='bbox 586 1403 657 1449; x_wconf 92' lang='lat' dir='ltr'>cnm</span> <span class='ocrx_word' id='word_1_82' title='bbox 680 1402 811 1466; x_wconf 91' lang='lat' dir='ltr'>compar</span> <span class='ocrx_word' id='word_1_83' title='bbox 833 1391 918 1448; x_wconf 87' lang='lat' dir='ltr'>esset</span> <span class='ocrx_word' id='word_1_84' title='bbox 939 1381 1027 1446; x_wconf 76' lang='lat' dir='ltr'>arom</span> <span class='ocrx_word' id='word_1_85' title='bbox 1050 1380 1140 1447; x_wconf 90' lang='lat' dir='ltr'>radio</span> <span class='ocrx_word' id='word_1_86' title='bbox 1162 1382 1254 1449; x_wconf 79' lang='lat' dir='ltr'>ltnblr</span> <span class='ocrx_word' id='word_1_87' title='bbox 1281 1383 1402 1448; x_wconf 74' lang='lat' dir='ltr'>cneum</span> <span class='ocrx_word' id='word_1_88' title='bbox 1423 1380 1462 1470; x_wconf 74' lang='lat' dir='ltr'>lla</span> 
     </span>
     <span class='ocr_line' id='line_1_11' title="bbox 320 1481 1462 1571; baseline -0.004 -21"><span class='ocrx_word' id='word_1_89' title='bbox 320 1487 496 1571; x_wconf 90' lang='lat' dir='ltr'>descripto,</span> <span class='ocrx_word' id='word_1_90' title='bbox 522 1485 680 1552; x_wconf 89' lang='lat' dir='ltr'>universis</span> <span class='ocrx_word' id='word_1_91' title='bbox 703 1483 897 1550; x_wconf 81' lang='lat' dir='ltr'>certantibus</span> <span class='ocrx_word' id='word_1_92' title='bbox 918 1483 993 1549; x_wconf 88' lang='lat' dir='ltr'>viae</span> <span class='ocrx_word' id='word_1_93' title='bbox 1014 1481 1058 1546; x_wconf 89' lang='lat' dir='ltr'>ad</span> <span class='ocrx_word' id='word_1_94' title='bbox 1079 1483 1126 1550; x_wconf 76' lang='lat' dir='ltr'>bin</span> <span class='ocrx_word' id='word_1_95' title='bbox 1149 1483 1355 1569; x_wconf 84' lang='lat' dir='ltr'>peragendae</span> <span class='ocrx_word' id='word_1_96' title='bbox 1376 1501 1462 1568; x_wconf 88' lang='lat' dir='ltr'>pares</span> 
     </span>
     <span class='ocr_line' id='line_1_12' title="bbox 319 1593 418 1656; baseline -0.04 0"><span class='ocrx_word' id='word_1_97' title='bbox 319 1593 418 1656; x_wconf 89' lang='lat' dir='ltr'>erant.</span> 
     </span>
    </p>

    <p class='ocr_par' dir='ltr' id='par_1_3' title="bbox 320 1685 1463 2974">
     <span class='ocr_line' id='line_1_13' title="bbox 406 1685 1460 1769; baseline -0.006 -15"><span class='ocrx_word' id='word_1_98' title='bbox 406 1691 517 1754; x_wconf 84' lang='lat' dir='ltr'>Restat</span> <span class='ocrx_word' id='word_1_99' title='bbox 538 1707 602 1753; x_wconf 88' lang='lat' dir='ltr'>una</span> <span class='ocrx_word' id='word_1_100' title='bbox 624 1685 779 1768; x_wconf 78' lang='lat' dir='ltr'>quaestio,</span> <span class='ocrx_word' id='word_1_101' title='bbox 802 1687 961 1768; x_wconf 87' lang='lat' dir='ltr'>quomodo</span> <span class='ocrx_word' id='word_1_102' title='bbox 983 1685 1053 1752; x_wconf 90' lang='lat' dir='ltr'>fieri</span> <span class='ocrx_word' id='word_1_103' title='bbox 1073 1685 1221 1769; x_wconf 88' lang='lat' dir='ltr'>potnerit,</span> <span class='ocrx_word' id='word_1_104' title='bbox 1244 1692 1279 1751; x_wconf 90' lang='lat' dir='ltr'>ut</span> <span class='ocrx_word' id='word_1_105' title='bbox 1301 1687 1390 1752; x_wconf 91' lang='lat' dir='ltr'>linea</span> <span class='ocrx_word' id='word_1_106' title='bbox 1409 1687 1460 1752; x_wconf 87' lang='lat' dir='ltr'>fal·</span> 
     </span>
     <span class='ocr_line' id='line_1_14' title="bbox 320 1787 1461 1866; baseline -0.004 -10"><span class='ocrx_word' id='word_1_107' title='bbox 320 1797 392 1856; x_wconf 87' lang='lat' dir='ltr'>cata</span> <span class='ocrx_word' id='word_1_108' title='bbox 414 1789 501 1854; x_wconf 86' lang='lat' dir='ltr'>KRL</span> <span class='ocrx_word' id='word_1_109' title='bbox 529 1788 562 1853; x_wconf 95' lang='lat' dir='ltr'>in</span> <span class='ocrx_word' id='word_1_110' title='bbox 590 1789 768 1854; x_wconf 85' lang='lat' dir='ltr'>breviorem</span> <span class='ocrx_word' id='word_1_111' title='bbox 796 1807 904 1854; x_wconf 89' lang='lat' dir='ltr'>arcum</span> <span class='ocrx_word' id='word_1_112' title='bbox 932 1787 1042 1866; x_wconf 82' lang='lat' dir='ltr'>lirQN</span> <span class='ocrx_word' id='word_1_113' title='bbox 1070 1788 1320 1855; x_wconf 85' lang='lat' dir='ltr'>contraheretur.</span> <span class='ocrx_word' id='word_1_114' title='bbox 1364 1788 1461 1854; x_wconf 81' lang='lat' dir='ltr'>Etiam</span> 
     </span>
     <span class='ocr_line' id='line_1_15' title="bbox 320 1888 1459 1974; baseline -0.004 -18"><span class='ocrx_word' id='word_1_115' title='bbox 320 1892 381 1957; x_wconf 91' lang='lat' dir='ltr'>hoc</span> <span class='ocrx_word' id='word_1_116' title='bbox 403 1891 567 1972; x_wconf 79' lang='lat' dir='ltr'>ingeniose</span> <span class='ocrx_word' id='word_1_117' title='bbox 583 1889 731 1956; x_wconf 83' lang='lat' dir='ltr'>Oleoetas</span> <span class='ocrx_word' id='word_1_118' title='bbox 754 1909 792 1955; x_wconf 91' lang='lat' dir='ltr'>eo</span> <span class='ocrx_word' id='word_1_119' title='bbox 814 1889 965 1974; x_wconf 86' lang='lat' dir='ltr'>providit,</span> <span class='ocrx_word' id='word_1_120' title='bbox 986 1888 1074 1970; x_wconf 88' lang='lat' dir='ltr'>quod</span> <span class='ocrx_word' id='word_1_121' title='bbox 1095 1889 1178 1956; x_wconf 94' lang='lat' dir='ltr'>inter</span> <span class='ocrx_word' id='word_1_122' title='bbox 1199 1889 1331 1957; x_wconf 87' lang='lat' dir='ltr'>dextros</span> <span class='ocrx_word' id='word_1_123' title='bbox 1348 1899 1381 1957; x_wconf 93' lang='lat' dir='ltr'>et</span> <span class='ocrx_word' id='word_1_124' title='bbox 1393 1889 1459 1957; x_wconf 91' lang='lat' dir='ltr'>sini-</span> 
     </span>
     <span class='ocr_line' id='line_1_16' title="bbox 320 1991 1463 2078; baseline -0.004 -19"><span class='ocrx_word' id='word_1_125' title='bbox 320 1998 402 2059; x_wconf 90' lang='lat' dir='ltr'>stros</span> <span class='ocrx_word' id='word_1_126' title='bbox 424 2011 568 2059; x_wconf 85' lang='lat' dir='ltr'>carceres</span> <span class='ocrx_word' id='word_1_127' title='bbox 589 1991 750 2058; x_wconf 88' lang='lat' dir='ltr'>embolum</span> <span class='ocrx_word' id='word_1_128' title='bbox 772 1991 967 2074; x_wconf 84' lang='lat' dir='ltr'>interposuit.</span> <span class='ocrx_word' id='word_1_129' title='bbox 1003 1992 1037 2056; x_wconf 91' lang='lat' dir='ltr'>Is</span> <span class='ocrx_word' id='word_1_130' title='bbox 1059 1991 1144 2057; x_wconf 89' lang='lat' dir='ltr'>enim</span> <span class='ocrx_word' id='word_1_131' title='bbox 1166 1998 1232 2057; x_wconf 87' lang='lat' dir='ltr'>tam</span> <span class='ocrx_word' id='word_1_132' title='bbox 1250 1994 1377 2078; x_wconf 89' lang='lat' dir='ltr'>amplus</span> <span class='ocrx_word' id='word_1_133' title='bbox 1392 1999 1463 2072; x_wconf 86' lang='lat' dir='ltr'>erat,</span> 
     </span>
     <span class='ocr_line' id='line_1_17' title="bbox 320 2091 1462 2179; baseline -0.004 -20"><span class='ocrx_word' id='word_1_134' title='bbox 320 2098 355 2159; x_wconf 91' lang='lat' dir='ltr'>ut</span> <span class='ocrx_word' id='word_1_135' title='bbox 382 2113 420 2159; x_wconf 92' lang='lat' dir='ltr'>eo</span> <span class='ocrx_word' id='word_1_136' title='bbox 451 2094 581 2179; x_wconf 87' lang='lat' dir='ltr'>dempto</span> <span class='ocrx_word' id='word_1_137' title='bbox 609 2094 697 2160; x_wconf 92' lang='lat' dir='ltr'>linea</span> <span class='ocrx_word' id='word_1_138' title='bbox 723 2092 835 2158; x_wconf 87' lang='lat' dir='ltr'>lunata</span> <span class='ocrx_word' id='word_1_139' title='bbox 863 2093 950 2158; x_wconf 91' lang='lat' dir='ltr'>arcui</span> <span class='ocrx_word' id='word_1_140' title='bbox 977 2091 1026 2158; x_wconf 93' lang='lat' dir='ltr'>illi</span> <span class='ocrx_word' id='word_1_141' title='bbox 1050 2091 1160 2171; x_wconf 80' lang='lat' dir='ltr'>MrQN</span> <span class='ocrx_word' id='word_1_142' title='bbox 1185 2095 1385 2177; x_wconf 85' lang='lat' dir='ltr'>longitudine</span> <span class='ocrx_word' id='word_1_143' title='bbox 1411 2113 1462 2176; x_wconf 88' lang='lat' dir='ltr'>par</span> 
     </span>
     <span class='ocr_line' id='line_1_18' title="bbox 321 2193 1462 2278; baseline -0.003 -17"><span class='ocrx_word' id='word_1_144' title='bbox 321 2201 414 2261; x_wconf 89' lang='lat' dir='ltr'>esset.</span> <span class='ocrx_word' id='word_1_145' title='bbox 465 2194 544 2261; x_wconf 83' lang='lat' dir='ltr'>Onm</span> <span class='ocrx_word' id='word_1_146' title='bbox 576 2194 673 2278; x_wconf 85' lang='lat' dir='ltr'>igitur</span> <span class='ocrx_word' id='word_1_147' title='bbox 704 2195 792 2277; x_wconf 91' lang='lat' dir='ltr'>prior</span> <span class='ocrx_word' id='word_1_148' title='bbox 824 2193 997 2260; x_wconf 84' lang='lat' dir='ltr'>contractio</span> <span class='ocrx_word' id='word_1_149' title='bbox 1030 2194 1136 2260; x_wconf 90' lang='lat' dir='ltr'>lineae</span> <span class='ocrx_word' id='word_1_150' title='bbox 1164 2196 1293 2261; x_wconf 89' lang='lat' dir='ltr'>lunatae</span> <span class='ocrx_word' id='word_1_151' title='bbox 1325 2196 1372 2261; x_wconf 86' lang='lat' dir='ltr'>ita</span> <span class='ocrx_word' id='word_1_152' title='bbox 1399 2193 1462 2260; x_wconf 89' lang='lat' dir='ltr'>fieri</span> 
     </span>
     <span class='ocr_line' id='line_1_19' title="bbox 320 2296 1463 2381; baseline -0.002 -19"><span class='ocrx_word' id='word_1_153' title='bbox 320 2302 444 2380; x_wconf 89' lang='lat' dir='ltr'>posset,</span> <span class='ocrx_word' id='word_1_154' title='bbox 477 2305 512 2361; x_wconf 87' lang='lat' dir='ltr'>nt</span> <span class='ocrx_word' id='word_1_155' title='bbox 544 2296 575 2363; x_wconf 92' lang='lat' dir='ltr'>ei</span> <span class='ocrx_word' id='word_1_156' title='bbox 607 2296 712 2381; x_wconf 87' lang='lat' dir='ltr'>spatia</span> <span class='ocrx_word' id='word_1_157' title='bbox 744 2315 905 2362; x_wconf 90' lang='lat' dir='ltr'>carcerum</span> <span class='ocrx_word' id='word_1_158' title='bbox 941 2296 1116 2381; x_wconf 91' lang='lat' dir='ltr'>parietibus</span> <span class='ocrx_word' id='word_1_159' title='bbox 1152 2303 1308 2381; x_wconf 86' lang='lat' dir='ltr'>occupata</span> <span class='ocrx_word' id='word_1_160' title='bbox 1341 2297 1463 2364; x_wconf 88' lang='lat' dir='ltr'>dessent</span> 
     </span>
     <span class='ocr_line' id='line_1_20' title="bbox 321 2397 1461 2483; baseline 0.002 -20"><span class='ocrx_word' id='word_1_161' title='bbox 321 2398 365 2481; x_wconf 93' lang='lat' dir='ltr'>(p.</span> <span class='ocrx_word' id='word_1_162' title='bbox 383 2397 453 2480; x_wconf 78' lang='lat'>62),</span> <span class='ocrx_word' id='word_1_163' title='bbox 482 2397 564 2464; x_wconf 87' lang='lat' dir='ltr'>baec</span> <span class='ocrx_word' id='word_1_164' title='bbox 589 2399 692 2463; x_wconf 88' lang='lat' dir='ltr'>altera</span> <span class='ocrx_word' id='word_1_165' title='bbox 719 2398 893 2463; x_wconf 87' lang='lat' dir='ltr'>contractio</span> <span class='ocrx_word' id='word_1_166' title='bbox 916 2418 953 2464; x_wconf 94' lang='lat' dir='ltr'>eo</span> <span class='ocrx_word' id='word_1_167' title='bbox 982 2397 1095 2480; x_wconf 86' lang='lat' dir='ltr'>fiebat,</span> <span class='ocrx_word' id='word_1_168' title='bbox 1124 2397 1209 2478; x_wconf 90' lang='lat' dir='ltr'>qnod</span> <span class='ocrx_word' id='word_1_169' title='bbox 1238 2400 1376 2483; x_wconf 90' lang='lat' dir='ltr'>spatium</span> <span class='ocrx_word' id='word_1_170' title='bbox 1403 2420 1461 2465; x_wconf 89' lang='lat' dir='ltr'>em·</span> 
     </span>
     <span class='ocr_line' id='line_1_21' title="bbox 320 2499 1462 2584; baseline 0.002 -20"><span class='ocrx_word' id='word_1_171' title='bbox 320 2499 387 2565; x_wconf 94' lang='lat' dir='ltr'>boli</span> <span class='ocrx_word' id='word_1_172' title='bbox 410 2500 441 2564; x_wconf 90' lang='lat' dir='ltr'>ei</span> <span class='ocrx_word' id='word_1_173' title='bbox 461 2499 718 2565; x_wconf 87' lang='lat' dir='ltr'>subtrahebatur.</span> <span class='ocrx_word' id='word_1_174' title='bbox 751 2499 925 2564; x_wconf 90' lang='lat' dir='ltr'>Praeterea</span> <span class='ocrx_word' id='word_1_175' title='bbox 945 2499 1064 2565; x_wconf 92' lang='lat' dir='ltr'>emboli</span> <span class='ocrx_word' id='word_1_176' title='bbox 1077 2499 1266 2584; x_wconf 90' lang='lat' dir='ltr'>interpositu</span> <span class='ocrx_word' id='word_1_177' title='bbox 1288 2500 1322 2565; x_wconf 90' lang='lat' dir='ltr'>id</span> <span class='ocrx_word' id='word_1_178' title='bbox 1344 2520 1462 2583; x_wconf 88' lang='lat' dir='ltr'>quoqne</span> 
     </span>
     <span class='ocr_line' id='line_1_22' title="bbox 322 2598 1461 2688; baseline 0 -23"><span class='ocrx_word' id='word_1_179' title='bbox 322 2598 536 2684; x_wconf 86' lang='lat' dir='ltr'>efficiebatur,</span> <span class='ocrx_word' id='word_1_180' title='bbox 564 2607 598 2666; x_wconf 88' lang='lat' dir='ltr'>ut</span> <span class='ocrx_word' id='word_1_181' title='bbox 628 2602 713 2665; x_wconf 88' lang='lat' dir='ltr'>linea</span> <span class='ocrx_word' id='word_1_182' title='bbox 742 2599 861 2666; x_wconf 81' lang='lat' dir='ltr'>falcata</span> <span class='ocrx_word' id='word_1_183' title='bbox 883 2621 946 2668; x_wconf 91' lang='lat' dir='ltr'>non</span> <span class='ocrx_word' id='word_1_184' title='bbox 968 2601 1048 2667; x_wconf 89' lang='lat' dir='ltr'>dura</span> <span class='ocrx_word' id='word_1_185' title='bbox 1068 2621 1127 2667; x_wconf 92' lang='lat' dir='ltr'>nec</span> <span class='ocrx_word' id='word_1_186' title='bbox 1154 2599 1260 2684; x_wconf 86' lang='lat' dir='ltr'>rigida</span> <span class='ocrx_word' id='word_1_187' title='bbox 1282 2613 1382 2688; x_wconf 91' lang='lat' dir='ltr'>esset,</span> <span class='ocrx_word' id='word_1_188' title='bbox 1409 2602 1461 2668; x_wconf 91' lang='lat' dir='ltr'>sed</span> 
     </span>
     <span class='ocr_line' id='line_1_23' title="bbox 321 2700 1461 2786; baseline 0.002 -20"><span class='ocrx_word' id='word_1_189' title='bbox 321 2721 379 2786; x_wconf 92' lang='lat' dir='ltr'>per</span> <span class='ocrx_word' id='word_1_190' title='bbox 405 2701 543 2786; x_wconf 86' lang='lat' dir='ltr'>spatium</span> <span class='ocrx_word' id='word_1_191' title='bbox 572 2700 630 2779; x_wconf 84' lang='lat' dir='ltr'>RQ</span> <span class='ocrx_word' id='word_1_192' title='bbox 657 2701 875 2786; x_wconf 87' lang='lat' dir='ltr'>prementibus</span> <span class='ocrx_word' id='word_1_193' title='bbox 896 2703 939 2767; x_wconf 85' lang='lat' dir='ltr'>ab</span> <span class='ocrx_word' id='word_1_194' title='bbox 967 2708 1102 2784; x_wconf 89' lang='lat' dir='ltr'>utroque</span> <span class='ocrx_word' id='word_1_195' title='bbox 1128 2722 1226 2768; x_wconf 90' lang='lat' dir='ltr'>cornu</span> <span class='ocrx_word' id='word_1_196' title='bbox 1248 2703 1400 2784; x_wconf 85' lang='lat' dir='ltr'>agonistis</span> <span class='ocrx_word' id='word_1_197' title='bbox 1420 2705 1461 2768; x_wconf 94' lang='lat' dir='ltr'>in·</span> 
     </span>
     <span class='ocr_line' id='line_1_24' title="bbox 322 2803 1462 2886; baseline -0.002 -17"><span class='ocrx_word' id='word_1_198' title='bbox 322 2811 459 2870; x_wconf 88' lang='lat' dir='ltr'>trorsum</span> <span class='ocrx_word' id='word_1_199' title='bbox 487 2805 630 2886; x_wconf 88' lang='lat' dir='ltr'>cederet,</span> <span class='ocrx_word' id='word_1_200' title='bbox 660 2823 722 2885; x_wconf 92' lang='lat' dir='ltr'>quo</span> <span class='ocrx_word' id='word_1_201' title='bbox 752 2803 856 2869; x_wconf 89' lang='lat' dir='ltr'>minus</span> <span class='ocrx_word' id='word_1_202' title='bbox 884 2811 939 2869; x_wconf 89' lang='lat' dir='ltr'>ant</span> <span class='ocrx_word' id='word_1_203' title='bbox 967 2805 1065 2870; x_wconf 87' lang='lat' dir='ltr'>medii</span> <span class='ocrx_word' id='word_1_204' title='bbox 1094 2815 1177 2871; x_wconf 91' lang='lat' dir='ltr'>retro</span> <span class='ocrx_word' id='word_1_205' title='bbox 1206 2813 1262 2869; x_wconf 88' lang='lat' dir='ltr'>aut</span> <span class='ocrx_word' id='word_1_206' title='bbox 1286 2805 1403 2870; x_wconf 89' lang='lat' dir='ltr'>sinistri</span> <span class='ocrx_word' id='word_1_207' title='bbox 1424 2803 1462 2868; x_wconf 89' lang='lat' dir='ltr'>ad</span> 
     </span>
     <span class='ocr_line' id='line_1_25' title="bbox 322 2904 790 2974; baseline -0.002 -2"><span class='ocrx_word' id='word_1_208' title='bbox 322 2907 450 2972; x_wconf 86' lang='lat' dir='ltr'>laevam</span> <span class='ocrx_word' id='word_1_209' title='bbox 472 2904 724 2974; x_wconf 85' lang='lat' dir='ltr'>extruderentur.</span> <span class='ocrx_word' id='word_1_210' title='bbox 747 2941 790 2950; x_wconf 91' lang='lat'><em>-</em></span> 
     </span>
    </p>

    <p class='ocr_par' dir='ltr' id='par_1_4' title="bbox 321 3007 1461 4209">
     <span class='ocr_line' id='line_1_26' title="bbox 407 3007 1460 3090; baseline 0 -18"><span class='ocrx_word' id='word_1_211' title='bbox 407 3013 454 3074; x_wconf 87' lang='lat' dir='ltr'>Ac</span> <span class='ocrx_word' id='word_1_212' title='bbox 475 3029 558 3074; x_wconf 92' lang='lat' dir='ltr'>nnnc</span> <span class='ocrx_word' id='word_1_213' title='bbox 580 3008 725 3090; x_wconf 91' lang='lat' dir='ltr'>quidem,</span> <span class='ocrx_word' id='word_1_214' title='bbox 755 3007 905 3089; x_wconf 84' lang='lat' dir='ltr'>quoniam</span> <span class='ocrx_word' id='word_1_215' title='bbox 928 3024 1012 3087; x_wconf 86' lang='lat' dir='ltr'>qnae</span> <span class='ocrx_word' id='word_1_216' title='bbox 1033 3007 1127 3072; x_wconf 89' lang='lat' dir='ltr'>fuerit</span> <span class='ocrx_word' id='word_1_217' title='bbox 1151 3007 1273 3073; x_wconf 86' lang='lat' dir='ltr'>inventi</span> <span class='ocrx_word' id='word_1_218' title='bbox 1294 3008 1391 3089; x_wconf 91' lang='lat' dir='ltr'>ratio,</span> <span class='ocrx_word' id='word_1_219' title='bbox 1414 3029 1460 3076; x_wconf 83' lang='lat' dir='ltr'>ex·</span> 
     </span>
     <span class='ocr_line' id='line_1_27' title="bbox 322 3108 1459 3194; baseline 0 -18"><span class='ocrx_word' id='word_1_220' title='bbox 322 3112 423 3194; x_wconf 89' lang='lat' dir='ltr'>posui,</span> <span class='ocrx_word' id='word_1_221' title='bbox 439 3109 659 3193; x_wconf 88' lang='lat' dir='ltr'>inquirendum</span> <span class='ocrx_word' id='word_1_222' title='bbox 677 3121 734 3193; x_wconf 91' lang='lat' dir='ltr'>est,</span> <span class='ocrx_word' id='word_1_223' title='bbox 757 3129 846 3174; x_wconf 90' lang='lat' dir='ltr'>num</span> <span class='ocrx_word' id='word_1_224' title='bbox 862 3108 961 3173; x_wconf 91' lang='lat' dir='ltr'>haec</span> <span class='ocrx_word' id='word_1_225' title='bbox 983 3108 1088 3173; x_wconf 88' lang='lat' dir='ltr'>ratio</span> <span class='ocrx_word' id='word_1_226' title='bbox 1104 3109 1386 3192; x_wconf 85' lang='lat' dir='ltr'>experientiae</span> <span class='ocrx_word' id='word_1_227' title='bbox 1407 3131 1459 3176; x_wconf 92' lang='lat' dir='ltr'>re·</span> 
     </span>
     <span class='ocr_line' id='line_1_28' title="bbox 322 3209 1459 3295; baseline 0.002 -19"><span class='ocrx_word' id='word_1_228' title='bbox 322 3211 542 3295; x_wconf 86' lang='lat' dir='ltr'>sponderit.</span> <span class='ocrx_word' id='word_1_229' title='bbox 577 3213 724 3292; x_wconf 84' lang='lat' dir='ltr'>Namque</span> <span class='ocrx_word' id='word_1_230' title='bbox 746 3210 920 3295; x_wconf 90' lang='lat' dir='ltr'>permultas</span> <span class='ocrx_word' id='word_1_231' title='bbox 942 3229 1002 3291; x_wconf 92' lang='lat' dir='ltr'>res,</span> <span class='ocrx_word' id='word_1_232' title='bbox 1025 3227 1106 3291; x_wconf 89' lang='lat' dir='ltr'>quas</span> <span class='ocrx_word' id='word_1_233' title='bbox 1128 3209 1250 3276; x_wconf 91' lang='lat' dir='ltr'>ratione</span> <span class='ocrx_word' id='word_1_234' title='bbox 1272 3212 1390 3294; x_wconf 89' lang='lat' dir='ltr'>optime</span> <span class='ocrx_word' id='word_1_235' title='bbox 1412 3233 1459 3278; x_wconf 85' lang='lat' dir='ltr'>ex-</span> 
     </span>
     <span class='ocr_line' id='line_1_29' title="bbox 323 3311 1459 3396; baseline 0.003 -19"><span class='ocrx_word' id='word_1_236' title='bbox 323 3313 529 3396; x_wconf 84' lang='lat' dir='ltr'>cogitaveris,</span> <span class='ocrx_word' id='word_1_237' title='bbox 559 3312 587 3376; x_wconf 92' lang='lat' dir='ltr'>si</span> <span class='ocrx_word' id='word_1_238' title='bbox 610 3313 800 3396; x_wconf 84' lang='lat' dir='ltr'>experieris,</span> <span class='ocrx_word' id='word_1_239' title='bbox 829 3320 956 3396; x_wconf 87' lang='lat' dir='ltr'>praeter</span> <span class='ocrx_word' id='word_1_240' title='bbox 978 3331 1066 3396; x_wconf 90' lang='lat' dir='ltr'>spem</span> <span class='ocrx_word' id='word_1_241' title='bbox 1094 3311 1222 3378; x_wconf 88' lang='lat' dir='ltr'>evenire</span> <span class='ocrx_word' id='word_1_242' title='bbox 1245 3332 1338 3379; x_wconf 91' lang='lat' dir='ltr'>nemo</span> <span class='ocrx_word' id='word_1_243' title='bbox 1359 3316 1459 3380; x_wconf 86' lang='lat' dir='ltr'>nescit</span> 
     </span>
     <span class='ocr_line' id='line_1_30' title="bbox 324 3411 1459 3498; baseline 0.005 -22"><span class='ocrx_word' id='word_1_244' title='bbox 324 3411 487 3478; x_wconf 81' lang='lat' dir='ltr'>Oleoetam</span> <span class='ocrx_word' id='word_1_245' title='bbox 510 3413 640 3495; x_wconf 87' lang='lat' dir='ltr'>scilicet,</span> <span class='ocrx_word' id='word_1_246' title='bbox 664 3434 735 3478; x_wconf 89' lang='lat' dir='ltr'>oum</span> <span class='ocrx_word' id='word_1_247' title='bbox 750 3413 953 3480; x_wconf 85' lang='lat' dir='ltr'>condiciones</span> <span class='ocrx_word' id='word_1_248' title='bbox 972 3415 1178 3497; x_wconf 84' lang='lat' dir='ltr'>certantium,</span> <span class='ocrx_word' id='word_1_249' title='bbox 1192 3421 1227 3479; x_wconf 90' lang='lat' dir='ltr'>ut</span> <span class='ocrx_word' id='word_1_250' title='bbox 1242 3413 1387 3498; x_wconf 84' lang='lat' dir='ltr'>diximus,</span> <span class='ocrx_word' id='word_1_251' title='bbox 1409 3437 1459 3482; x_wconf 91' lang='lat' dir='ltr'>suo</span> 
     </span>
     <span class='ocr_line' id='line_1_31' title="bbox 321 3513 1460 3598; baseline 0.004 -19"><span class='ocrx_word' id='word_1_252' title='bbox 321 3514 390 3580; x_wconf 91' lang='lat' dir='ltr'>iure</span> <span class='ocrx_word' id='word_1_253' title='bbox 413 3534 451 3579; x_wconf 90' lang='lat' dir='ltr'>eo</span> <span class='ocrx_word' id='word_1_254' title='bbox 473 3521 636 3598; x_wconf 87' lang='lat' dir='ltr'>aequaret,</span> <span class='ocrx_word' id='word_1_255' title='bbox 660 3515 746 3597; x_wconf 92' lang='lat' dir='ltr'>qnod</span> <span class='ocrx_word' id='word_1_256' title='bbox 761 3514 830 3579; x_wconf 87' lang='lat' dir='ltr'>vias</span> <span class='ocrx_word' id='word_1_257' title='bbox 845 3515 887 3580; x_wconf 90' lang='lat' dir='ltr'>ab</span> <span class='ocrx_word' id='word_1_258' title='bbox 904 3515 1052 3581; x_wconf 91' lang='lat' dir='ltr'>interiore</span> <span class='ocrx_word' id='word_1_259' title='bbox 1074 3513 1118 3579; x_wconf 87' lang='lat' dir='ltr'>ad</span> <span class='ocrx_word' id='word_1_260' title='bbox 1139 3516 1330 3581; x_wconf 84' lang='lat' dir='ltr'>exteriorem</span> <span class='ocrx_word' id='word_1_261' title='bbox 1352 3527 1460 3584; x_wconf 88' lang='lat' dir='ltr'>metam</span> 
     </span>
     <span class='ocr_line' id='line_1_32' title="bbox 322 3615 1461 3700; baseline 0.003 -19"><span class='ocrx_word' id='word_1_262' title='bbox 322 3615 553 3700; x_wconf 89' lang='lat' dir='ltr'>percurrendas</span> <span class='ocrx_word' id='word_1_263' title='bbox 576 3636 687 3683; x_wconf 92' lang='lat' dir='ltr'>omnes</span> <span class='ocrx_word' id='word_1_264' title='bbox 708 3616 791 3682; x_wconf 90' lang='lat' dir='ltr'>inter</span> <span class='ocrx_word' id='word_1_265' title='bbox 813 3635 848 3682; x_wconf 91' lang='lat' dir='ltr'>se</span> <span class='ocrx_word' id='word_1_266' title='bbox 871 3637 965 3700; x_wconf 83' lang='lat' dir='ltr'>pares</span> <span class='ocrx_word' id='word_1_267' title='bbox 987 3617 1077 3699; x_wconf 88' lang='lat' dir='ltr'>iecit,</span> <span class='ocrx_word' id='word_1_268' title='bbox 1106 3636 1170 3681; x_wconf 94' lang='lat' dir='ltr'>non</span> <span class='ocrx_word' id='word_1_269' title='bbox 1192 3617 1315 3682; x_wconf 87' lang='lat' dir='ltr'>latebat</span> <span class='ocrx_word' id='word_1_270' title='bbox 1337 3641 1461 3687; x_wconf 86' lang='lat' dir='ltr'>revera</span> 
     </span>
     <span class='ocr_line' id='line_1_33' title="bbox 323 3717 1458 3805; baseline 0.005 -21"><span class='ocrx_word' id='word_1_271' title='bbox 323 3718 450 3784; x_wconf 93' lang='lat' dir='ltr'>omnino</span> <span class='ocrx_word' id='word_1_272' title='bbox 478 3737 655 3802; x_wconf 87' lang='lat' dir='ltr'>perpaucos</span> <span class='ocrx_word' id='word_1_273' title='bbox 683 3719 738 3784; x_wconf 87' lang='lat' dir='ltr'>via</span> <span class='ocrx_word' id='word_1_274' title='bbox 765 3717 807 3781; x_wconf 90' lang='lat' dir='ltr'>ad</span> <span class='ocrx_word' id='word_1_275' title='bbox 836 3718 919 3784; x_wconf 87' lang='lat' dir='ltr'>hanc</span> <span class='ocrx_word' id='word_1_276' title='bbox 946 3725 1065 3784; x_wconf 90' lang='lat' dir='ltr'>metam</span> <span class='ocrx_word' id='word_1_277' title='bbox 1096 3717 1225 3784; x_wconf 89' lang='lat' dir='ltr'>derecta</span> <span class='ocrx_word' id='word_1_278' title='bbox 1246 3719 1389 3786; x_wconf 88' lang='lat' dir='ltr'>insistere</span> <span class='ocrx_word' id='word_1_279' title='bbox 1409 3741 1458 3805; x_wconf 83' lang='lat' dir='ltr'>po</span> 
     </span>
     <span class='ocr_line' id='line_1_34' title="bbox 322 3818 1460 3903; baseline 0.005 -18"><span class='ocrx_word' id='word_1_280' title='bbox 322 3822 438 3903; x_wconf 86' lang='lat' dir='ltr'>tuisse,</span> <span class='ocrx_word' id='word_1_281' title='bbox 467 3820 562 3900; x_wconf 85' lang='lat' dir='ltr'>longe</span> <span class='ocrx_word' id='word_1_282' title='bbox 589 3818 735 3903; x_wconf 89' lang='lat' dir='ltr'>plurimis</span> <span class='ocrx_word' id='word_1_283' title='bbox 763 3840 861 3885; x_wconf 88' lang='lat' dir='ltr'>curva</span> <span class='ocrx_word' id='word_1_284' title='bbox 888 3821 943 3885; x_wconf 85' lang='lat' dir='ltr'>via</span> <span class='ocrx_word' id='word_1_285' title='bbox 971 3843 992 3886; x_wconf 91' lang='lat' dir='ltr'>a</span> <span class='ocrx_word' id='word_1_286' title='bbox 1020 3829 1106 3887; x_wconf 91' lang='lat' dir='ltr'>meta</span> <span class='ocrx_word' id='word_1_287' title='bbox 1134 3820 1177 3885; x_wconf 91' lang='lat' dir='ltr'>ad</span> <span class='ocrx_word' id='word_1_288' title='bbox 1206 3819 1350 3887; x_wconf 86' lang='lat' dir='ltr'>dextram</span> <span class='ocrx_word' id='word_1_289' title='bbox 1370 3824 1460 3891; x_wconf 73' lang='lat' dir='ltr'>fumeo</span> 
     </span>
     <span class='ocr_line' id='line_1_35' title="bbox 324 3920 1460 4010; baseline 0.005 -24"><span class='ocrx_word' id='word_1_290' title='bbox 324 3921 559 4004; x_wconf 88' lang='lat' dir='ltr'>declinandum,</span> <span class='ocrx_word' id='word_1_291' title='bbox 582 3922 657 4001; x_wconf 89' lang='lat' dir='ltr'>quia</span> <span class='ocrx_word' id='word_1_292' title='bbox 678 3941 771 3987; x_wconf 85' lang='lat' dir='ltr'>arcus</span> <span class='ocrx_word' id='word_1_293' title='bbox 792 3920 900 3998; x_wconf 81' lang='lat' dir='ltr'>MrQN</span> <span class='ocrx_word' id='word_1_294' title='bbox 922 3942 985 3987; x_wconf 91' lang='lat' dir='ltr'>non</span> <span class='ocrx_word' id='word_1_295' title='bbox 1007 3923 1088 3990; x_wconf 89' lang='lat' dir='ltr'>adeo</span> <span class='ocrx_word' id='word_1_296' title='bbox 1115 3923 1258 3988; x_wconf 87' lang='lat' dir='ltr'>contrahi</span> <span class='ocrx_word' id='word_1_297' title='bbox 1280 3931 1409 4010; x_wconf 84' lang='lat' dir='ltr'>poterat,</span> <span class='ocrx_word' id='word_1_298' title='bbox 1429 3939 1460 3992; x_wconf 88' lang='lat' dir='ltr'>nt</span> 
     </span>
     <span class='ocr_line' id='line_1_36' title="bbox 323 4022 1459 4108; baseline 0.004 -19"><span class='ocrx_word' id='word_1_299' title='bbox 323 4029 473 4108; x_wconf 84' lang='lat' dir='ltr'>punctum</span> <span class='ocrx_word' id='word_1_300' title='bbox 501 4022 608 4105; x_wconf 86' lang='lat' dir='ltr'>lieret,</span> <span class='ocrx_word' id='word_1_301' title='bbox 639 4030 671 4086; x_wconf 93' lang='lat' dir='ltr'>et</span> <span class='ocrx_word' id='word_1_302' title='bbox 699 4042 779 4086; x_wconf 91' lang='lat' dir='ltr'>unus</span> <span class='ocrx_word' id='word_1_303' title='bbox 809 4030 932 4087; x_wconf 88' lang='lat' dir='ltr'>tantum</span> <span class='ocrx_word' id='word_1_304' title='bbox 960 4025 1081 4107; x_wconf 89' lang='lat' dir='ltr'>primus</span> <span class='ocrx_word' id='word_1_305' title='bbox 1110 4043 1129 4088; x_wconf 90' lang='lat' dir='ltr'>e</span> <span class='ocrx_word' id='word_1_306' title='bbox 1157 4023 1372 4108; x_wconf 92' lang='lat' dir='ltr'>multitudine,</span> <span class='ocrx_word' id='word_1_307' title='bbox 1402 4051 1459 4095; x_wconf 94' lang='lat' dir='ltr'>non</span> 
     </span>
     <span class='ocr_line' id='line_1_37' title="bbox 323 4123 1457 4209; baseline 0.006 -21"><span class='ocrx_word' id='word_1_308' title='bbox 323 4125 433 4208; x_wconf 90' lang='lat' dir='ltr'>plnres</span> <span class='ocrx_word' id='word_1_309' title='bbox 455 4123 568 4189; x_wconf 91' lang='lat' dir='ltr'>eodem</span> <span class='ocrx_word' id='word_1_310' title='bbox 591 4131 733 4208; x_wconf 89' lang='lat' dir='ltr'>tempore</span> <span class='ocrx_word' id='word_1_311' title='bbox 748 4133 867 4190; x_wconf 88' lang='lat' dir='ltr'>metam</span> <span class='ocrx_word' id='word_1_312' title='bbox 882 4125 1090 4208; x_wconf 85' lang='lat' dir='ltr'>attingebant.</span> <span class='ocrx_word' id='word_1_313' title='bbox 1123 4125 1258 4190; x_wconf 88' lang='lat' dir='ltr'>Paribus</span> <span class='ocrx_word' id='word_1_314' title='bbox 1280 4125 1375 4209; x_wconf 85' lang='lat' dir='ltr'>igitur</span> <span class='ocrx_word' id='word_1_315' title='bbox 1393 4150 1457 4197; x_wconf 91' lang='lat' dir='ltr'>con-</span> 
     </span>
    </p>
   </div>
   <div class='ocr_carea' id='block_1_3' title="bbox 0 0 1546 5012">
    <p class='ocr_par' dir='ltr' id='par_1_5' title="bbox 0 0 1546 5012">
     <span class='ocr_line' id='line_1_38' title="bbox 0 0 1546 5012; baseline 0 0"><span class='ocrx_word' id='word_1_316' title='bbox 0 0 1546 5012; x_wconf 95' lang='lat' dir='ltr'> </span> 
     </span>
    </p>
   </div>
  </div>
 </body>
</html>
