3072 5012
649 1206 684 1270 B.

490 1354 552 1438 on
580 1293 854 1439 rnrrnrro.

180 1562 225 1629 Ut
246 1561 288 1628 de
310 1561 508 1645 carceribus,
538 1562 584 1626 sic
607 1561 648 1626 de
671 1562 849 1644 Taraxippi
879 1567 911 1627 et
938 1563 1009 1628 loco
1033 1569 1065 1628 et
1087 1584 1185 1631 causa
1207 1586 1249 1632 ex

82 1672 208 1730 natura
235 1665 336 1747 petita
365 1663 605 1730 diversissimae
633 1664 779 1746 prolatae
809 1669 882 1729 sunt
904 1665 1091 1730 sententiae.
1137 1665 1248 1748 Olym·

83 1768 166 1850 piae
184 1785 257 1831 eum
272 1765 371 1832 fuisse
386 1785 475 1830 aram
490 1764 659 1830 rotundam
683 1765 715 1829 in
730 1784 850 1848 aggere
872 1766 1010 1847 positam
1026 1767 1078 1843 (Τ)
1095 1786 1113 1833 e
1129 1768 1247 1834 Pausa-

83 1870 165 1935 niae
189 1867 298 1932 verbis
320 1866 463 1948 sequitur
483 1865 541 1941 (VI
556 1869 607 1949 20,
626 1867 692 1943 15):
721 1867 971 1950 „reapsxopevoo
995 1864 1031 1930 δὲ
1059 1869 1119 1932 τοῦ
1144 1867 1248 1933 ἱππο-

86 1961 219 2052 δρόμου
243 1964 457 2051 παρήκουσαν
481 1961 514 2041 ig
537 1966 640 2031 πλέον
662 1963 722 2053 τὴν
745 1963 860 2050 ἑτέραν
882 1966 949 2030 τῶν
972 1967 1134 2050 πλευρῶν,
1158 1968 1249 2035 ’ἐστιν

85 2067 147 2134 ἐπὶ
170 2070 231 2156 τῆς
252 2066 403 2150 μείζονος
425 2068 581 2153 πλευρᾶς,
606 2062 706 2154 οὔσης
725 2066 890 2150 χώματος,
914 2065 997 2132 κατὰ
1017 2065 1076 2156 τὴν
1100 2069 1248 2147 διέξοδον

85 2169 148 2259 τὴν
180 2166 238 2235 διὰ
260 2171 319 2234 τοῦ
345 2167 501 2251 χώματος
528 2166 663 2234 τὸπιῦν
685 2168 804 2234 ἵππων
832 2168 932 2250 δεῖμα
961 2163 978 2233 ὃ
1013 2169 1247 2253 Ταράξιππος.

87 2276 202 2358 σχῆμα
231 2269 290 2353 μὲν
318 2272 434 2354 βωμοῦ
462 2273 667 2357 περιφεροῦς
700 2269 787 2349 ἐστι,
822 2273 1063 2355 παραθέοντας
1097 2270 1133 2336 δὲ
1163 2271 1247 2337 κατὰ

86 2378 189 2440 τοῦτο
213 2369 290 2447 τοὺς
311 2370 442 2448 ἵππους
465 2369 572 2458 φόβος
593 2395 630 2436 τε
654 2365 770 2437 αὐτίκα
797 2369 930 2457 ἰσχυρὸς
953 2363 1021 2435 ἀπ’
1048 2365 1249 2454 οὐδεμιᾶς

87 2472 348 2562 προφάσεως
378 2476 560 2560 φανερᾶς
588 2476 644 2539 καὶ
673 2467 742 2540 ἀπὸ
773 2476 833 2539 τοῦ
862 2471 970 2557 φόβου
1001 2471 1163 2556 λαμβάνει
1185 2499 1245 2538 τα-

88 2569 192 2663 ραχή·
215 2573 257 2639 τά
278 2599 315 2640 τε
338 2573 376 2661 δὴ
402 2573 534 2659 ἅρματα
556 2574 792 2660 καταγνύουσιν
816 2569 861 2651 ὥς
877 2572 1016 2653 ἐπίπαν,
1039 2575 1095 2638 καὶ
1118 2573 1151 2639 οἱ
1172 2571 1245 2662 ἡνί-

88 2704 162 2762 οχοι
186 2676 426 2761 τιτρώσκονται
435 2683 457 2742 “.
495 2679 545 2744 De
562 2681 652 2745 cuius
674 2699 750 2744 arae
772 2699 850 2746 vera
872 2678 996 2760 origine
1018 2697 1057 2743 ac
1078 2676 1141 2743 fine
1163 2679 1247 2745 infra
1348 2719 1350 2726 κ

87 2784 194 2850 fusius
216 2787 338 2865 agetur.
370 2781 465 2845 quta
487 2802 576 2846 aram
598 2782 749 2846 transitus
771 2800 829 2864 per
851 2798 1003 2860 aggerem
1025 2779 1167 2864 patebat,
1191 2783 1246 2863 qui

89 2884 171 2950 mihi
195 2883 228 2947 in
250 2883 522 2966 periculosissimo
545 2884 616 2948 loco
638 2884 823 2966 aptissimus
846 2882 944 2947 fuisse
960 2880 1088 2946 videtur
1109 2880 1152 2945 ad
1175 2883 1245 2946 vul-

89 2992 220 3051 neratos
243 2991 276 3051 et
297 2986 427 3067 aurigas
450 2991 483 3050 et
505 3004 604 3067 equos
634 3002 846 3066 curruumque
874 2982 991 3047 rudera
1013 3000 1055 3046 ex
1077 3002 1175 3047 arena
1198 3004 1246 3049 re-

88 3085 262 3154 movenda.
270 3090 292 3161 ¹)
326 3085 485 3163 Quoniam
502 3087 641 3169 simplici
663 3087 721 3151 illa
735 3106 792 3150 ara
815 3102 914 3165 equos
933 3089 1151 3150 consternatos
1174 3104 1245 3151 esse

89 3189 180 3255 credi
203 3208 266 3254 non
287 3194 408 3270 potest,
438 3189 504 3253 alia
532 3208 630 3254 causa
652 3208 693 3253 ex
715 3194 829 3252 natura
856 3185 957 3267 petita
979 3185 1164 3265 quaerenda
1187 3193 1244 3269 est,

89 3310 174 3374 quae
197 3289 307 3356 Curtio
330 3289 538 3356 Wachsmuth
560 3288 642 3355 haec
664 3287 792 3356 videtur
813 3287 922 3352 fuisse.
967 3284 1046 3351 Cum
1070 3285 1244 3369 hippodro-

88 3414 161 3460 mus
191 3393 234 3457 ad
263 3393 418 3458 orientem
446 3391 513 3456 fere
535 3396 698 3474 vergeret,
729 3388 804 3471 equi
830 3387 1022 3453 exteriorem
1043 3395 1162 3453 metam
1185 3391 1244 3455 cir-

88 3495 266 3579 cumgressi
296 3492 401 3559 subito
430 3512 504 3558 suas
534 3493 676 3575 ipsorum
709 3498 949 3571 ceterorumque
982 3490 1127 3574 umbras,
1162 3510 1245 3573 quae

88 3616 192 3681 usque
222 3616 259 3663 eo
289 3615 373 3680 pone
402 3615 457 3661 eos
486 3594 626 3676 fuerant,
655 3601 729 3658 ante
762 3610 797 3658 se
830 3591 1095 3673 conspicabantur
1125 3611 1245 3672 easque

89 3699 313 3782 longissimas,
344 3698 421 3780 quia
450 3697 572 3762 oriente
603 3695 671 3761 sole
701 3700 864 3776 equestres
893 3690 962 3757 ludi
990 3691 1118 3756 fiebant.
1170 3692 1244 3756 Tali

89 3802 257 3885 repentino
281 3807 313 3866 et
332 3801 457 3865 insueto
472 3804 603 3881 aspectu
626 3797 727 3879 equis,
750 3802 785 3859 ut
807 3799 896 3859 erant
917 3797 1036 3856 metam
1056 3793 1244 3859 ambeuntes

94 3915 298 3923 .-,.--.-.

179 3973 203 4033 1)
221 3967 265 4022 Ad
284 3967 397 4021 eundem
415 3980 495 4018 usum
512 3960 804 4030 constantinopolitani
822 3974 927 4028 quoque
950 3957 1015 4011 circi
1032 3962 1140 4024 portam
1158 3972 1243 4026 quan·

90 4054 162 4117 dam,
181 4052 226 4107 eui
244 4049 343 4124 Νεκρὰ
362 4064 460 4105 nomen
478 4053 545 4112 erat,
562 4048 591 4102 in
609 4045 734 4101 orientali
751 4045 834 4099 latere
852 4044 932 4098 sitam
948 4042 1110 4112 pertinuisse
1129 4041 1244 4096 coniecit

90 4137 214 4206 Ungerus
228 4131 354 4204 ‘Quellon
373 4135 420 4188 der
438 4133 498 4202 byz.
518 4123 708 4199 Kunstgesch?
725 4130 777 4185 vol.
789 4129 811 4184 1.
830 4145 857 4197 p.
872 4131 929 4181 313.
