3072 5012
297 381 343 440 de
698 379 732 432 A.
759 378 810 433 DE
828 377 1064 433 CARCERIBUS.

302 575 364 620 non
387 571 444 618 sua
467 551 571 636 culpa,
594 549 652 617 sed
676 551 826 618 Cleoetue
848 559 925 617 eret.
964 552 1114 618 Nostrum
1130 547 1227 632 igitur
1249 555 1297 614 est
1317 547 1374 612 hoc
1394 567 1438 612 ac·

302 655 442 722 curatius
465 655 660 736 examinare,
682 673 756 719 num
780 659 856 720 tunc
870 671 997 734 quoqne
1016 651 1219 720 condiciones
1234 669 1354 732 aequae
1374 648 1438 714 sint.
1518 719 1519 722 ,

302 756 556 822 Consentaneum
590 765 653 836 est,
687 755 899 820 rarissime
932 754 996 820 vel
1028 754 1162 838 potius
1195 773 1325 836 paene
1355 771 1440 816 nnn·

303 877 417 940 quam
445 857 667 938 accidisse,
696 863 737 922 nt
765 877 841 922 nna
870 856 1052 922 universi
1080 856 1215 921 t'ronte
1249 873 1374 936 usque
1401 851 1442 918 ad

301 960 552 1026 exteriorem
574 965 717 1024 metam
740 964 966 1038 currerent,
989 957 1046 1023 sed
1067 976 1124 1039 per
1147 955 1309 1040 quoddam
1331 962 1442 1020 tantum
1519 977 1520 1018 i

301 1062 450 1146 spatium.
495 1061 634 1144 Tamen,
664 1060 814 1142 quoniam
843 1057 945 1142 potnit
973 1058 1053 1123 iliud
1083 1057 1191 1139 aliquo
1220 1077 1297 1122 casu
1327 1056 1442 1122 fortuitu

301 1162 449 1232 accidere
477 1168 509 1227 et
538 1163 758 1242 condiciones,
788 1161 815 1226 si
837 1179 939 1242 usque
961 1177 1000 1224 eo
1022 1178 1143 1241 aequas
1169 1178 1240 1227 esse
1261 1159 1442 1243 apparuerit,

300 1263 400 1332 etiam
422 1283 481 1348 per
502 1264 668 1346 quodlibet
684 1263 810 1331 brevius
825 1261 962 1347 spatium
979 1279 1099 1342 aequas
1119 1281 1190 1328 esse
1206 1263 1443 1327 demonstratum

301 1367 373 1448 erit,
396 1385 463 1432 rem
485 1366 666 1450 suscipiam.

388 1470 436 1532 Ac
457 1467 593 1551 primum
609 1466 778 1533 dicendum
801 1473 850 1532 est
865 1471 1033 1548 certantes,
1056 1467 1090 1530 si
1113 1464 1200 1550 pari
1223 1465 1443 1531 velocitate

303 1590 379 1636 nna
407 1569 598 1634 contiuua
626 1571 761 1634 fronte
791 1587 914 1650 usque
947 1566 996 1633 ad
1029 1575 1172 1633 metam
1205 1564 1444 1632 exteriorem

303 1677 588 1752 cucurrerunt,
610 1691 672 1736 nou
697 1690 755 1754 per
769 1672 907 1754 spatium
923 1670 1082 1750 triangulo
1097 1668 1225 1736 MrMnN
1245 1688 1305 1751 par
1319 1667 1446 1748 vestigia

302 1774 434 1852 iecisse,
469 1771 528 1838 sed
560 1791 620 1855 per
654 1772 978 1856 parallelogrammon
1014 1772 1183 1839 MerXN.
1237 1768 1444 1835 Sinistrum

302 1875 400 1958 igitur
421 1873 599 1956 agonistam
622 1875 725 1939 solnm
747 1881 781 1940 et
807 1875 945 1958 primum
975 1881 1094 1938 metam
1121 1873 1267 1955 attigisse
1288 1872 1322 1936 in
1344 1877 1446 1954 aperto

305 1986 361 2043 est.
408 1975 477 2040 Hoc
507 1983 576 2041 erat
604 1975 698 2040 huius
727 1974 927 2042 commodum
949 1974 1046 2058 idque
1074 1971 1340 2058 gravissimum.¹)
1385 1973 1447 2038 Nec

304 2099 380 2144 vero
403 2078 464 2144 hoc
485 2077 661 2161 praemium
684 2077 769 2160 cepit
790 2097 850 2143 uec
879 2083 973 2160 capto
1000 2076 1119 2142 tructus
1146 2083 1209 2153 est,
1237 2075 1298 2142 nisi
1322 2074 1385 2141 duo
1405 2075 1446 2138 in·

305 2178 473 2247 commoda
493 2180 526 2244 in
554 2181 609 2244 via
636 2179 698 2244 sibi
728 2179 890 2244 obstantia
910 2185 1119 2263 superaverat
1146 2184 1179 2245 et
1199 2177 1376 2263 periculum
1397 2177 1447 2241 im·
1521 2265 1522 2274 ἵ

304 2282 428 2349 minens
450 2281 642 2363 evitaverat3
666 2280 802 2346 alterum
825 2287 902 2362 erat,
926 2280 1011 2363 quod
1026 2279 1102 2345 inde
1124 2300 1145 2345 a
1166 2287 1268 2344 rostro
1290 2277 1449 2360 usquead

304 2391 422 2450 metam
451 2382 659 2464 exteriorem,
688 2402 759 2448 cnm
788 2402 898 2448 omnes
920 2382 1088 2468 agonistae
1114 2382 1196 2446 hauc
1218 2389 1337 2447 metam
1359 2399 1449 2466 appe·

307 2493 411 2552 tentes
441 2482 484 2547 ad
506 2484 633 2549 iaevam
655 2503 765 2549 versus
794 2491 960 2568 urgerent,
989 2484 1209 2568 pressantibus
1232 2484 1379 2550 resistere
1400 2483 1447 2550 de·

304 2587 420 2667 bebat,
449 2603 643 2666 quamquam
665 2586 698 2649 in
720 2587 838 2652 haere
860 2607 899 2654 eo
927 2587 1113 2669 iurabatur,
1141 2583 1227 2667 quod
1248 2586 1410 2668 proximos
1432 2607 1451 2650 a

305 2709 340 2755 se
364 2693 474 2772 utpote
495 2687 527 2750 iu
550 2706 641 2752 arcus
664 2707 761 2753 cornu
781 2695 909 2756 certans
929 2688 1074 2772 paullum
1096 2688 1278 2770 superabat.
1311 2687 1450 2753 Alterum

304 2786 539 2857 incommodum
562 2797 645 2870 erat,
668 2790 754 2870 quod
776 2791 822 2872 ei,
845 2792 1031 2875 prinsquam
1053 2797 1170 2855 metam
1194 2789 1383 2856 exteriorem
1404 2810 1451 2855 as-

304 2897 500 2974 sequeretur,
523 2909 634 2955 cursus
649 2891 861 2957 retardandos
877 2901 955 2973 erat,
978 2913 1019 2958 ue
1033 2898 1089 2957 aut
1104 2891 1206 2957 effuso
1221 2911 1314 2957 cursu
1328 2899 1453 2975 praeter

305 3017 377 3062 eam
405 2994 439 3058 iu
466 3011 575 3056 arcum
599 2991 674 3057 circi
703 2999 809 3059 rueret
830 3000 886 3059 ant
908 2995 982 3075 equi
1011 2991 1233 3076 laberentur.²)
1276 2993 1452 3060 Periculum

305 3105 412 3162 autem
428 3099 496 3160 erat
511 3093 591 3158 iilud
607 3093 816 3176 notissimum,
839 3116 880 3162 ue
894 3115 957 3160 axe
980 3095 1011 3160 iu
1029 3102 1115 3162 meta
1136 3095 1222 3159 illisa
1243 3114 1335 3161 curru
1358 3096 1452 3162 effun-

305 3198 445 3277 deretur,
468 3195 554 3277 quod
577 3197 752 3281 periculum
775 3215 888 3278 pressu
910 3198 967 3263 illo
989 3199 1174 3278 augebatur.

391 3299 543 3364 Dexter
565 3318 642 3364 vero
664 3299 812 3381 agonista
830 3299 990 3365 contraria
1010 3300 1078 3365 fere
1100 3320 1141 3366 ex
1164 3299 1249 3364 omni
1273 3305 1364 3382 parte
1386 3319 1454 3366 cou-

306 3397 431 3465 dicione
446 3400 598 3484 cenabat,
620 3400 761 3483 sipari
777 3399 1454 3468 velocitateunwcoutinuafronte

305 3519 432 3581 usque
461 3498 511 3563 ad
538 3509 681 3567 metam
710 3503 959 3568 exteriorem
987 3509 1275 3583 cucurrerunt,
1305 3500 1339 3566 id
1363 3504 1455 3584 quod,

394 3705 417 3767 1)
436 3700 491 3754 Gir.
509 3700 542 3755 ll.
565 3704 594 3756 Ψ
603 3705 739 3758 arr-48.
781 3702 817 3756 Si
839 3703 914 3756 acie
937 3705 1033 3772 prins
1056 3703 1244 3768 dissolute,
1266 3708 1304 3756 ut
1327 3719 1455 3773 semper

305 3786 380 3842 fore
402 3785 525 3852 fiebat,
547 3785 638 3840 alius
665 3791 782 3842 motam
804 3787 937 3858 primus
961 3793 1208 3856 occupaverat,
1234 3785 1338 3841 huius
1361 3791 1456 3843 eraut

306 3872 417 3926 cadem
436 3869 612 3924 commoda.

392 3960 416 4022 2)
434 3955 503 4009 Xen.
516 3955 549 4008 de
562 3969 592 4008 re
604 3970 664 4023 equ.
679 3971 702 4010 c.
716 3955 768 4008 Vll
781 3958 796 4021 t·
812 3961 856 4010 15:
875 3960 918 4012 δεῖ
929 3955 959 4012 δὲ
970 3958 1018 4011 καὶ
1029 3949 1247 4025 ὑπολαμβάνειν
1257 3952 1289 4010 ἐν
1300 3963 1364 4020 ταῖς
1376 3975 1456 4031 στρο-

307 4050 387 4111 φαῖς·
407 4037 441 4097 οὐ
458 4035 515 4112 γὰρ
533 4035 634 4117 ῥᾴδιον
651 4044 693 4114 τῷ
708 4036 788 4113 ἵππῳ
807 4033 869 4097 οὐδ’
888 4040 1016 4111 ἀσφαλὲς
1032 4039 1064 4096 ἐν
1076 4044 1118 4114 τῷ
1130 4037 1210 4112 τάχει
1229 4035 1300 4096 ὄντα
1317 4036 1455 4110 κάμπτειν

306 4121 338 4180 ἐν
355 4129 457 4199 μικρῷ,
475 4121 568 4190 ἄλλως
585 4144 616 4181 τε
634 4119 690 4182 κᾶν
708 4117 879 4196 α’πόκροτον
896 4120 915 4197 ἢ
933 4119 1092 4198 ὀλισθηρὸν
1110 4113 1128 4194 ᾖ
1147 4120 1181 4180 τὸ
1199 4125 1317 4196 χωρίον.
