3072 5012
278 358 320 418 20
672 356 706 410 Δ.
733 355 784 410 Dte
801 353 1037 411 CARCERIBUS.

364 529 486 612 Restat,
508 536 543 595 ut
557 528 680 595 medii
695 528 862 612 agonistae
877 527 1047 594 commoda
1061 532 1093 593 et
1108 525 1227 591 damna
1242 523 1434 609 pendamus.

280 633 312 698 Is
335 631 486 712 quoniam
508 632 613 698 locum
627 631 711 696 inter
732 631 894 696 sinistrum
916 637 949 695 et
970 629 1117 695 dextrum
1133 627 1273 694 medium
1289 626 1437 708 tenebat,

279 735 327 799 sic
348 733 445 799 etiam
468 731 704 798 commodorum
728 739 760 798 et
781 731 1051 798 incommodorum
1078 729 1241 811 utriusque
1263 725 1439 794 dimidium

280 835 432 901 habuisse
455 832 603 898 concludi
624 834 708 898 licet.
752 832 802 898 Ne
825 852 901 899 vero
924 832 1148 918 superantibus
1171 830 1320 896 cornibus
1343 830 1438 912 paul-

280 938 370 1002 latim
396 943 568 1002 retrorsum
595 934 832 1018 extruderetur,
860 934 894 999 id
923 934 1098 1020 periculum
1129 953 1167 998 eo
1190 939 1438 1016 compensatum

281 1037 393 1120 video,
416 1035 502 1118 quod
525 1037 704 1102 recentibus
727 1037 818 1120 equis
840 1035 1032 1102 novissimus
1053 1035 1095 1099 ab
1118 1034 1237 1118 oppido
1260 1033 1437 1116 profectus,

281 1161 353 1206 oum
376 1137 473 1204 ceteri
495 1138 560 1203 iam
583 1156 640 1220 per
653 1139 851 1220 aliquantum
866 1137 963 1221 spatii
977 1155 1078 1218 equos
1097 1136 1247 1220 egissent,
1268 1142 1438 1202 crescente

282 1239 400 1306 deinde
423 1240 586 1304 celeritate
607 1240 641 1305 in
661 1259 737 1305 arcu
760 1237 948 1305 certantium
971 1238 1063 1320 quasi
1087 1238 1291 1303 euneabatur.

367 1339 519 1406 Videmus
541 1339 647 1422 igitur,
669 1340 697 1404 si
719 1347 820 1406 totam
842 1360 908 1405 rem
930 1339 1038 1406 animo
1060 1340 1165 1406 denuo
1181 1338 1436 1422 complectimur,

282 1443 447 1510 Cleoetam
468 1461 531 1508 non
554 1443 657 1507 solum
680 1463 717 1508 eo
740 1441 943 1507 condiciones
958 1459 1167 1525 exaequasse,
1190 1439 1276 1522 quod
1298 1441 1373 1507 vias
1395 1439 1437 1506 ad

282 1545 472 1611 exteriorem
501 1548 618 1610 metam
645 1544 901 1625 consequendam
930 1563 1024 1627 pares
1052 1542 1143 1624 iecit,
1173 1541 1230 1608 sed
1259 1561 1298 1608 eo
1327 1543 1438 1622 etiam,

284 1647 370 1730 quod
399 1644 567 1711 commoda
594 1651 627 1710 et
655 1644 858 1712 incommoda
886 1646 1082 1726 singularum
1109 1644 1297 1728 stationum,
1327 1645 1438 1728 quoad

164 1749 167 1756 ’
283 1746 396 1832 potuit,
420 1745 649 1830 compensavit.
672 1781 713 1791 —-

368 1847 551 1914 Redeamus
572 1869 665 1932 nunc,
688 1848 838 1930 quoniam
860 1847 956 1914 linem
979 1847 1076 1913 totius
1094 1845 1215 1913 inventi
1238 1843 1435 1913 demonstra-

283 1951 397 2031 vimus,
412 1948 458 2013 ad
475 1949 664 2033 oppidum
679 1949 961 2033 rationemque
979 1949 1170 2016 mittendi
1187 1948 1435 2032 diligentius

285 2050 611 2136 contemplanda.
654 2054 702 2116 Ac
729 2052 831 2135 primo
862 2050 991 2133 quidem
1019 2051 1090 2116 loco
1119 2049 1296 2133 designo
1320 2051 1434 2133 dicam,

285 2175 347 2238 quo
375 2153 452 2219 dato
481 2154 612 2220 missum
639 2155 690 2222 sit.
734 2155 911 2220 Pausanias
942 2153 1021 2217 baec
1043 2157 1152 2217 narrat
1174 2150 1258 2235 (10):
1286 2153 1435 2239 ,Δελφὶς

286 2255 321 2318 δὲ
344 2251 402 2319 ἐπὶ
430 2252 568 2332 κανόνος
596 2253 680 2320 κατὰ
711 2248 811 2334 ἄκρον
838 2252 985 2336 μάλιστα
1013 2251 1051 2318 τὸ
1082 2251 1223 2335 ἔμβολον
1249 2257 1434 2340 πεποίηται
1512 2247 1513 2250 “

282 2357 424 2439 χαλκοῦς
426 2406 534 2422 .....
579 2355 664 2441 (tt):
683 2349 801 2433 Ἀετὸς
823 2355 859 2421 δὲ
882 2354 941 2421 ἐπὶ
962 2358 1011 2441 τῴ
1031 2356 1138 2440 βωμῷ
1156 2355 1298 2436 χαλκοῦς
1319 2369 1432 2434 κεῖται,

284 2456 326 2523 τὰ
350 2454 457 2543 πτερὰ
481 2455 538 2523 ἐπὶ
560 2457 721 2546 μήκιστον
743 2457 905 2524 ἐκτείνων.
951 2451 1098 2523 ἀνακινεῖ
1124 2455 1185 2539 μὲν
1208 2453 1247 2544 δὴ
1269 2454 1308 2523 τὸ
1333 2455 1367 2524 ἐν
1389 2460 1434 2542 τῷ

284 2561 390 2644 βωμῷ
410 2558 588 2647 μηχάνημα
610 2555 627 2624 ὁ
652 2565 850 2646 τεταγμένος
873 2559 930 2626 ἐπὶ
953 2561 1002 2646 τῷ
1025 2557 1155 2645 δρόμῳ·
1179 2551 1434 2646 ἀνακινηθέντος
1512 2589 1513 2628 3

286 2661 322 2727 δὲ
345 2657 363 2726 o‘
386 2660 447 2744 μὲν
469 2658 503 2738 ἐς
524 2659 562 2728 τὸ
587 2655 656 2726 ἅνω
680 2669 866 2751 πεποίηται
889 2657 1033 2749 πηόἇνὸ
1055 2654 1163 2740 ἀετός,
1186 2655 1233 2737 ὦς
1247 2673 1319 2738 τοῖς
1340 2652 1434 2748 ἥκου-

287 2785 340 2830 σιν
363 2760 422 2828 bnt
444 2760 503 2852 τὴν
526 2766 612 2827 θέαν
633 2768 792 2848 γίνεσθαι
816 2763 991 2844 σύνοπτος,
1014 2759 1032 2829 o‘
1058 2763 1175 2850 δελφὶς
1199 2761 1235 2827 δὲ
1258 2759 1291 2838 ἒς
1313 2761 1434 2850 ἔδαφος

286 2871 439 2932 clareat
473 2865 552 2931 Cum
575 2885 678 2947 neque
701 2886 795 2948 quem
818 2866 860 2933 ad
881 2866 976 2934 finem
1000 2885 1105 2947 neque
1126 2885 1189 2946 quo
1212 2871 1353 2949 tempore
1376 2867 1433 2932 hae

286 2969 453 3036 machinae
468 2967 531 3032 sint
547 2973 660 3050 motae,
684 2975 794 3051 aperte
811 2969 930 3035 dictum
953 2970 1003 3051 sit,
1025 2975 1168 3038 nostrum
1191 2973 1240 3033 est
1264 2967 1343 3034 baec
1363 2987 1432 3034 oon·

285 3073 379 3138 icere.
433 3070 482 3135 De
510 3074 652 3152 tempore
681 3088 775 3136 nemo
806 3071 981 3154 dubitabit,
1015 3068 1174 3151 siquidem
1203 3070 1235 3133 in
1265 3069 1326 3152 eis,
1354 3089 1431 3152 quae

287 3173 435 3238 continuo
458 3177 647 3254 sequuntur,
678 3171 786 3236 verbis
809 3172 891 3237 inest
913 3171 1013 3256 ipsius
1028 3171 1144 3237 missus
1160 3171 1333 3237 enarratio:
1361 3191 1431 3254 ergo

287 3279 362 3338 ante
384 3273 516 3335 missum
538 3272 658 3335 factum
680 3279 736 3338 est.
772 3273 884 3338 Finem
906 3273 984 3338 mihi
1003 3264 1155 3338 ¹videntur
1175 3271 1318 3338 indicare
1339 3273 1431 3338 verba

286 3374 358 3439 illa:
382 3367 427 3446 ὡς
448 3383 520 3446 τοῖς
541 3363 676 3455 ἥκουσιν
698 3370 755 3439 ἐπὶ
779 3371 838 3459 τὴν
860 3378 947 3439 θέαν
968 3376 1125 3458 γίνεσθαι
1149 3371 1325 3450 σύνοπτος.
1362 3374 1429 3440 ltce-

288 3475 354 3542 nim
376 3473 540 3538 machinas
562 3472 636 3539 ideo
659 3481 733 3540 ante
756 3476 887 3540 missum
910 3485 1014 3542 motas
1037 3496 1107 3542 esse
1134 3496 1265 3561 censeo,
1294 3483 1327 3541 ut
1347 3495 1428 3559 speo-

289 3577 443 3644 tatoribus
466 3575 550 3640 inter
571 3594 605 3640 ae
628 3577 883 3658 colloquentibus
898 3586 930 3644 et
945 3580 1054 3645 oculos
1070 3597 1197 3660 quoquo
1214 3598 1325 3645 versus
1345 3598 1426 3643 aver-

289 3680 428 3746 tentibus
450 3677 566 3742 missus
587 3678 694 3742 statim
716 3678 854 3746 faciendi
877 3681 1001 3763 signum
1031 3681 1104 3745 sint.
1149 3679 1256 3757 Quare
1278 3700 1346 3746 cum
1366 3679 1426 3744 del-

288 3783 404 3867 phinus
425 3786 492 3844 tum
514 3779 625 3861 aquila
647 3787 737 3845 tanta
752 3783 970 3862 magnitudine
987 3788 1086 3863 erant,
1108 3789 1143 3847 ut
1164 3782 1319 3864 omnibus,
1342 3781 1424 3846 etiam

290 3883 441 3949 extremis
457 3883 628 3965 conspicua
643 3891 758 3947 essent.
788 3882 868 3949 lllae
884 3885 1051 3950 machinae
1067 3885 1179 3966 quales
1194 3883 1321 3968 fuerint,
1335 3891 1426 3948 utrum

289 3986 460 4051 tractoriae
481 4004 522 4047 an
545 3984 734 4067 vaccariae,
756 3985 809 4048 vel
832 4006 908 4050 num
931 3987 1061 4067 aquilae
1083 3994 1116 4051 et
1137 3985 1281 4069 delphini
1303 3986 1374 4050 inter
1394 4007 1426 4054 se

291 4088 476 4153 coniunctae
504 4084 638 4166 fuerint,
668 4087 752 4166 quod
783 4085 861 4152 mibi
889 4097 1020 4172 propter
1048 4087 1311 4171 longinquitatem
1336 4089 1427 4156 minus
1512 4137 1513 4178 ,
