3076 5020
185 380 206 435 1.
235 381 285 434 DE
304 381 480 452 EQUQRUM
499 379 716 437 CURRICULIS
734 383 781 434 AB
799 381 915 437 EPICIS
932 380 1153 436 DESCRIPTIS.
1224 380 1242 436 5

92 556 171 618 vato
194 552 304 619 ordine
326 553 496 620 Homerico
518 558 710 619 armatorum
732 572 872 637 pugnam
892 553 959 636 (V.)
981 553 1097 635 omisit,
1119 550 1173 615 hic
1195 570 1241 617 or-

92 653 203 719 dinem
227 661 379 740 exparte
408 657 608 740 permutavit.
651 651 793 721 ‘Nudum
816 649 945 722 ferrum’
973 655 1055 738 (VI.)
1078 654 1174 721 Statii
1195 674 1240 719 re-

91 757 231 838 spondet
260 757 448 824 Homericae
478 756 730 844 hoplomachiae.
780 757 875 842 Apud
908 758 1044 825 eundem
1077 776 1153 822 arcu
1181 776 1243 821 non

92 864 234 924 certatur
254 858 310 924 illo
335 858 473 942 quidem,
496 860 554 927 sed
576 861 688 944 ingens
703 859 832 926 Adrasti
855 859 969 925 missus
992 866 1041 925 est
1062 880 1120 944 pro
1142 861 1240 924 certa·

91 959 188 1025 tione.
225 959 275 1026 Ne
291 960 403 1028 hastae
419 962 547 1044 quidem
562 968 722 1028 certamen
737 982 864 1047 prorsus
887 961 1014 1028 silentio
1035 959 1239 1046 praeteritur:

91 1061 187 1127 datur
214 1062 298 1128 euim
324 1084 354 1128 v.
378 1066 439 1128 928
468 1062 606 1131 Adrasto
635 1064 721 1149 optio
749 1065 832 1130 inter
867 1062 992 1129 hastam
1020 1069 1054 1128 et
1082 1061 1241 1146 sagittam.

91 1164 293 1246 Longissime
308 1165 350 1230 ab
366 1165 496 1232 Homeri
511 1168 700 1233 auctoritate
715 1165 863 1232 discessit
877 1165 1012 1244 Quintus
1035 1185 1106 1231 cum
1130 1163 1241 1229 ordine

90 1270 158 1329 tum
187 1283 319 1332 numero
346 1268 562 1333 certaminum.
606 1267 741 1334 Addidit
763 1268 848 1335 eninr
870 1269 1002 1350 saltum,
1031 1265 1240 1352 pancratium,

90 1368 226 1454 equites,
243 1374 274 1433 et
288 1370 451 1453 praemisit
462 1371 607 1438 Nestoris
623 1392 761 1455 carmen,
778 1389 839 1452 quo
853 1369 1023 1437 Thetidem
1039 1376 1070 1435 et
1080 1368 1241 1435 Achillem

89 1469 202 1536 laudat
223 1469 266 1553 (v.
286 1474 351 1535 129
373 1463 505 1554 dcccco,
528 1494 558 1537 v.
586 1475 641 1536 147
666 1472 805 1556 μέλπε),
833 1493 896 1539 non
919 1471 998 1538 illud
1021 1470 1151 1552 quidem
1174 1490 1238 1536 cer-

90 1577 209 1656 tamen,
231 1572 289 1640 sed
311 1575 422 1639 musici
437 1575 618 1640 certaminis
634 1576 726 1656 quasi
745 1574 950 1640 incunabula:
975 1578 1134 1638 certarent
1157 1573 1240 1638 enim

90 1676 147 1741 alii
169 1696 240 1742 eum
264 1696 311 1757 eo,
335 1676 362 1741 si
384 1675 538 1742 auderent
559 1677 603 1761 (v.
629 1675 797 1758 124—27).
835 1676 982 1757 Denique
1005 1682 1151 1757 equestre
1174 1694 1237 1740 cer·

92 1786 214 1863 tamen,
237 1776 322 1861 quod
344 1779 431 1862 apud
454 1786 575 1845 ceteros
597 1780 733 1864 primum
756 1778 859 1846 locum
884 1777 1020 1859 obtinet,
1043 1776 1076 1842 in
1099 1776 1161 1844 fine
1182 1798 1238 1861 po-

90 1882 161 1948 suit.
209 1881 247 1946 Id
274 1880 353 1946 satis
381 1881 494 1946 mirum
524 1889 587 1962 est,
618 1882 694 1965 quia
722 1882 838 1947 Graeci
866 1881 1014 1947 solebant
1041 1879 1142 1965 primo
1171 1880 1238 1946 sole

91 1983 181 2067 equis
210 1983 373 2049 decertare
401 1981 496 2064 (Stat.
520 1984 622 2050 Theb.
647 1984 689 2049 Vl
712 1983 805 2066 261),
833 1983 913 2049 haec
935 1988 1041 2049 autem
1064 1981 1239 2048 certamina

91 2085 198 2151 omnia
219 2105 282 2150 uno
305 2084 357 2151 die
373 2083 586 2150 conficiuntur.
623 2087 771 2168 Namque
785 2085 929 2164 Athenis,
954 2084 1015 2166 ubi,
1040 2084 1124 2165 quod
1140 2104 1235 2168 pana·

91 2187 231 2253 thenaici
258 2186 341 2251 tituli
371 2192 526 2253 testantur
556 2186 641 2269 (GIA
663 2189 694 2252 ll
716 2186 870 2270 eoo-9),
901 2191 1048 2267 equestre
1078 2193 1237 2251 certamen

91 2289 258 2357 sollemnia
286 2288 511 2371 concludebat,
540 2295 575 2354 nt
597 2287 766 2373 Olympiae
794 2289 873 2354 alibi
902 2287 1021 2355 recenti
1049 2287 1101 2354 die
1129 2286 1235 2353 fiebat.

91 2391 185 2477 Apud
201 2391 384 2474 Thessalos,
407 2392 435 2456 si
457 2391 518 2456 hoc
535 2410 574 2455 ex
597 2411 659 2456 uno
682 2391 773 2457 titulo
789 2391 964 2475 agonistico
988 2389 1084 2471 (Bull.
1101 2389 1141 2455 de
1157 2409 1235 2454 corr.

91 2495 165 2560 hell.
187 2496 219 2560 X
241 2495 313 2576 438,
336 2491 481 2577 Larisae)
504 2492 612 2575 colligi
634 2493 717 2575 licet,
741 2493 782 2558 ab
806 2493 966 2574 equitibus
987 2491 1149 2558 oriebatur
1171 2510 1235 2555 cer-

90 2596 242 2661 taminum
263 2595 395 2661 initium.
