3076 5020
478 372 513 427 11.
540 370 592 426 DE
610 371 733 428 hauvo
751 369 860 426 GYRO.
883 411 888 422 ,
1205 370 1245 430 41

98 546 330 634 ραβὸοφοροῑν.
353 583 396 593 -
417 549 436 624 δ
456 548 495 612 13
517 581 560 594 —··
583 544 754 612 ἱππασίαν
777 541 813 607 δὲ
836 541 1038 626 ἐπαινοῦμεν
1059 539 1120 628 τὴν
1141 541 1248 630 πέδην

97 651 312 738 καλουμένην·
347 640 403 714 ἐπ’
441 640 634 734 ἀμφοτέρας
665 644 729 732 γὰρ
762 642 823 722 τὰς
855 643 1004 730 γνάθους
1037 649 1249 732 στρέφεσθαι

98 751 212 832 ἐθίζει.
252 751 309 817 καὶ
330 747 369 816 τὸ
392 748 667 833 μεταβάλλεσθαι
690 748 726 816 δὲ
749 745 809 834 τὴν
833 747 1004 814 ἱππασίαν
1027 742 1169 832 ἀγαθόν,
1191 747 1249 815 ἵνα

98 849 282 944 ἀμφότεροι
305 852 342 919 αἱ
362 851 487 938 γνάθοι
508 847 588 918 καθ’
615 849 770 935 ἑκάτερον
791 853 850 935 τῆς
872 849 1042 927 ἱππασίας
1058 848 1249 928 ἰσάζωνται.

179 959 270 1025 Idem
279 978 359 1040 mos,
372 959 428 1041 qui
438 956 601 1024 veteribus
613 963 782 1039 erat,nunc
793 975 921 1038 quoque
933 956 1148 1039 equitantibus
1158 955 1247 1022 vide·

99 1071 147 1130 tur
158 1080 229 1128 esse
240 1059 446 1128 nomadibus:
459 1078 540 1142 quos
551 1057 682 1142 quidem
695 1077 755 1140 ego
767 1056 905 1122 viderim
916 1077 975 1141 per
984 1064 1109 1124 nostras
1121 1077 1249 1141 quoque

100 1161 255 1245 regiones,
267 1169 303 1227 ut
313 1168 541 1245 spectarentur,
552 1161 738 1244 migrantes,
750 1159 841 1226 reiut
851 1158 1014 1226 Beduinas
1025 1158 1250 1243 pulcherrimis

101 1265 190 1348 cquis
211 1271 382 1330 exornatos
398 1270 430 1330 et
445 1263 611 1346 equitandi
625 1267 781 1345 perpetuo
796 1280 855 1328 usu
869 1261 1033 1344 praeditos
1049 1268 1082 1328 et
1097 1261 1250 1328 lndianos

100 1367 278 1449 nuperrime
293 1365 381 1448 apud
403 1372 542 1432 nostram
565 1365 675 1432 urbem
699 1371 731 1432 et
752 1365 913 1431 turmatim
928 1370 961 1431 et
981 1364 1170 1448 singillatim
1192 1382 1251 1445 per

102 1487 244 1552 campum
259 1472 398 1550 ruentes,
421 1487 477 1533 cos
491 1486 617 1550 semper
631 1466 727 1533 laevo
746 1466 814 1533 solo
830 1467 907 1533 orbe
922 1466 1127 1532 decurrentes
1143 1465 1250 1530 obser-

102 1571 184 1636 vavi
207 1568 293 1647 Quid
304 1569 389 1652 quod
405 1570 439 1635 in
449 1571 566 1637 nostris
577 1589 705 1652 quoque
720 1568 964 1651 amphitheatris
976 1569 1051 1651 equi
1062 1570 1131 1634 sine
1143 1567 1252 1650 equite

103 1671 284 1740 incedentes
305 1672 400 1738 laevo
422 1691 549 1755 semper
570 1673 636 1737 iere
659 1692 740 1756 gyro
761 1671 921 1755 aguntur?
964 1672 1001 1736 In
1024 1669 1251 1737 certaminibus

105 1781 206 1840 autern
221 1775 336 1841 nostris
350 1773 446 1840 modo
465 1775 559 1841 laevo
581 1773 678 1840 modo
698 1773 825 1858 dextro,
848 1775 925 1858 quin
948 1775 1044 1840 etiam
1059 1773 1093 1838 in
1107 1772 1252 1838 venatic-

104 1877 193 1942 nibus
214 1866 473 1959 (Jagdrennen')
496 1883 617 1943 mutato
644 1896 743 1959 saepe
763 1897 844 1959 gyro
867 1877 1015 1943 curritur:
1047 1877 1133 1959 quod
1155 1875 1252 1942 facile

106 1977 174 2046 ideo
195 1977 239 2058 tit,
263 1979 340 2061 quia
359 1985 469 2045 nostra
484 1979 641 2046 curricula
655 1979 701 2044 ita
723 1985 909 2061 comparata
923 1987 1005 2061 sunt,
1029 1985 1064 2045 ut
1084 1985 1176 2045 artae
1196 1976 1252 2044 fle

106 2081 213 2147 xiones
236 2082 395 2146 evitentur
417 2083 459 2163 (p.
478 2083 539 2154 11).

186 2184 223 2248 In
247 2182 530 2250 exercitationibus
552 2191 659 2249 autem
680 2184 795 2250 dextro
817 2185 910 2250 lateri
926 2182 1030 2265 magis
1046 2184 1252 2265 consulimus,

108 2305 165 2350 non
177 2287 263 2368 quia,
280 2291 314 2351 ut
324 2285 524 2353 Hermannus
535 2288 569 2364 (l.
581 2287 601 2351 l.
611 2307 642 2370 p.
655 2288 709 2365 68)
720 2287 877 2370 opinatur,
890 2279 1010 2351 ‘dextri
1023 2286 1095 2368 gyri
1107 2284 1253 2366 frequen·

110 2388 164 2452 tior
178 2394 211 2452 et
225 2387 329 2470 magis
344 2389 543 2455 necessarius
558 2409 633 2455 usus
650 2394 718 2454 erat
733 2390 764 2453 in
776 2387 1045 2470 dimicationibus,
1062 2405 1145 2467 quae
1161 2384 1254 2450 hasta

109 2495 138 2554 et
150 2489 257 2571 gladio
273 2481 562 2556 committebantur'
578 2526 620 2536 -
630 2510 704 2555 nam
716 2497 827 2556 contra
841 2491 873 2554 in
889 2490 1005 2555 bellico
1021 2508 1081 2554 usu
1097 2486 1254 2570 quasdam

110 2591 307 2657 decursiones
329 2590 372 2656 ad
393 2592 520 2658 laevam
543 2593 649 2658 facere
670 2594 792 2658 malunt
806 2612 902 2676 quam
918 2591 961 2657 ad
976 2590 1123 2656 dextram
1137 2589 1254 2654 -sed

110 2694 178 2775 quia
192 2714 260 2777 nos,
277 2695 395 2776 quippe
411 2695 466 2777 qui
477 2714 593 2778 equum
605 2695 802 2762 bisinistrum
814 2694 933 2761 habere
943 2695 1089 2777 velimus,
1106 2691 1254 2757 dextrum

111 2797 187 2862 latus
208 2815 228 2860 a
249 2801 363 2862 natura
385 2798 565 2881 neglectum
581 2798 811 2864 exercitatione
827 2804 859 2863 et
880 2803 948 2862 arte
963 2797 1091 2863 sinistro
1114 2812 1254 2876 aequare

114 3033 151 3094 „el
166 3027 408 3107 διατροχιέζοντος
425 3033 486 3100 μέν,
506 3031 597 3090 carice
615 3028 811 3106 α’ποβαίνοι
829 3037 899 3089 τῶν
917 3035 1060 3098 δεξιαῖνῆ
1086 3029 1256 3099 Quamquam

113 3118 174 3172 artis
193 3119 325 3186 equestris
344 3118 445 3186 peritos
464 3135 518 3175 nou
534 3119 690 3174 inventuros
705 3135 764 3173 esse
782 3118 908 3186 speravit,
927 3116 998 3184 quod
1009 3116 1098 3170 verius
1110 3117 1257 3184 aptiusque

112 3202 208 3256 dictum
227 3218 288 3256 esse
306 3203 418 3268 vellent,
443 3210 532 3259 tamen
550 3205 737 3273 Xenophontis
755 3203 838 3257 verba
859 3203 1008 3257 rectissime
1025 3217 1054 3256 se
1071 3202 1172 3255 habere
1190 3200 1257 3254 mihi

111 3287 212 3355 quidem
236 3302 397 3356 persuasum
420 3293 470 3344 est.
512 3291 603 3346 Verba
627 3291 697 3344 enim
727 3283 819 3345 ὁπότε
842 3284 997 3361 ἀναβαίνοι
1020 3290 1062 3362 τῷ
1085 3290 1167 3362 δεξιῷ
1191 3302 1255 3340 con-

111 3373 243 3439 iungenda
260 3378 325 3428 sunt
341 3379 370 3428 et
386 3376 425 3430 sic
437 3379 579 3431 vertenda:
594 3369 669 3429 ‘cum
681 3376 805 3428 dextrum
817 3375 980 3428 anteriorem
991 3373 1087 3441 pedem
1099 3374 1257 3427 sublaturus

112 3453 171 3512 sst’.
196 3457 266 3511 Nam
276 3474 405 3527 praesens
415 3455 571 3534 α’ναβαίνοι
581 3460 686 3514 initium
695 3460 811 3514 actionis
824 3458 967 3526 significat.
985 3459 1017 3513 Id
1026 3464 1116 3513 autem
1125 3464 1257 3526 punctum

22 3541 24 3569 ³
112 3543 237 3611 temporis
255 3543 314 3599 ideo
334 3546 501 3614 aptissimum
520 3552 574 3609 est,
592 3559 645 3613 quo
665 3545 773 3598 sinistra
791 3545 1016 3612 quadrupedatim
1033 3559 1118 3612 equus
1135 3541 1257 3610 incipiat,

23 3685 24 3688 ,
112 3627 181 3696 quod
200 3643 232 3682 eo
250 3632 411 3695 posteriores
428 3632 510 3700 pedes
528 3631 635 3684 tolutim
653 3630 741 3684 euntis
758 3629 798 3682 ita
817 3630 907 3696 posita
925 3634 997 3691 sunt,
1016 3633 1046 3681 nt
1064 3629 1173 3682 sinistra
1190 3642 1256 3696 qua-

112 3711 299 3781 drupedantis,
317 3714 481 3766 anteriorum
499 3716 590 3766 autern
607 3713 706 3780 pedum
724 3711 845 3776 sinister,
864 3714 910 3782 qui
930 3716 996 3765 tunc
1014 3718 1087 3765 terra
1104 3711 1205 3776 nititur,
1224 3725 1257 3764 eo

23 3857 24 3864 ἵ
112 3798 211 3851 maiore
234 3799 259 3851 vi
281 3813 299 3852 a
322 3805 394 3852 terra
419 3798 544 3866 repulsus
567 3797 728 3851 anteriorem
752 3799 874 3866 corporis
898 3802 1002 3866 partem
1019 3796 1048 3849 in
1065 3797 1150 3849 altum
1167 3795 1257 3849 levare

113 3886 250 3951 potestat
272 3883 395 3937 dextrum
419 3883 580 3937 anteriorem
604 3882 699 3950 pedem
723 3897 860 3950 superare.
896 3881 1080 3935 Admiratione
1101 3880 1197 3946 dignus
1216 3883 1258 3933 est

112 3971 187 4022 vetus
205 3968 329 4037 scriptor,
347 3969 391 4037 qui
409 3968 480 4037 quod
497 3985 547 4022 nos
564 3967 725 4034 imaginibus
743 3967 850 4021 demum
867 3968 928 4021 luce
945 3971 1054 4033 repente
1071 3965 1150 4034 pictis
1167 3965 1256 4033 (Μογ-

114 4054 227 4120 bridges’
245 4054 656 4122 Augenblicksphotographien)
674 4051 830 4120 didicimus,
848 4052 876 4106 id
894 4051 949 4106 suis
966 4050 1052 4119 ipsius
1071 4049 1156 4104 oculis
1173 4049 1257 4103 medi·

111 4139 212 4194 tatione
230 4145 258 4193 et
276 4139 443 4209 experientia
461 4139 592 4194 adhibitis
611 4137 801 4196 observaverit.
