3072 5012
288 321 328 382 72
681 323 715 376 Α.
742 321 793 376 DE
811 319 1045 378 CARCERIBUS.

289 494 346 562 Ov.
362 496 437 562 liet.
456 496 488 562 X
504 499 576 579 652,
599 495 654 561 ubi
675 493 813 578 pedibus
834 494 986 560 Atalante
1008 497 1041 561 et
1062 492 1278 578 Hippomenes
1299 499 1429 560 certant:

395 615 497 698 Signa
518 615 615 681 tubae
637 612 802 696 dederant,
824 632 1046 680 cumcareere
1068 632 1186 697 pronus
1210 623 1340 696 uterque

394 716 529 798 Emicat,
552 723 585 783 et
604 735 760 782 summam
784 715 881 780 celeri
901 713 984 799 pede
1006 713 1087 780 libat
1109 716 1271 782 harenam.

288 834 368 902 Stat.
385 834 487 902 Theb.
505 835 547 900 VI
564 840 624 900 404
647 834 680 899 in
701 832 845 899 Nemeis:

393 955 538 1020 Insonuit
559 961 669 1019 eontra
690 951 893 1036 Tyrrhenum
916 971 1064 1034 murmur,
1087 957 1120 1018 et
1142 972 1252 1018 omnes

274 1062 280 1076 ’
393 1055 561 1122 Exsiluere
587 1055 666 1121 loco.
1205 1080 1206 1083 ¹

286 1173 392 1258 upon.
408 1173 476 1240 stu.
493 1193 589 1240 arm.
604 1173 716 1240 xxrn
732 1175 895 1236 eso-n:

393 1290 538 1357 Tandem
560 1311 720 1358 murmure
743 1289 877 1356 bucinae
898 1289 1069 1374 strepentis

394 1394 574 1477 Suspensas
597 1393 723 1459 tubicen
745 1409 864 1458 vocans
887 1390 1059 1472 quadrigas

391 1493 535 1560 Effundit
557 1496 676 1562 celeres
696 1494 729 1559 in
752 1513 832 1559 arva
853 1513 970 1559 currus.

370 1613 455 1694 Quid
478 1612 565 1694 quod
586 1614 627 1679 de
649 1613 727 1679 tuba
749 1612 846 1678 etiam
866 1611 900 1676 in
923 1609 1120 1694 Olympiacis
1147 1600 1347 1692 equestribus
1368 1631 1430 1676 cer-

285 1715 458 1781 taminibus
486 1713 633 1780 adbibita
661 1735 702 1781 ex
729 1713 799 1797 ipso
829 1719 937 1778 nostro
967 1718 1096 1779 auctore
1125 1713 1359 1795 comperimus?
1400 1715 1431 1778 Is

285 1818 368 1882 enim
401 1817 434 1882 in
468 1815 582 1883 eodem
615 1821 707 1883 sexto
741 1815 822 1881 libro
851 1812 918 1896 (13,
946 1812 996 1895 9),
1030 1814 1085 1879 ubi
1119 1832 1235 1896 equam
1268 1815 1430 1898 Phidolae,

284 1921 404 1983 Auram
426 1916 570 2000 nomine,
602 1937 736 1985 excusso
760 1917 867 1999 equite
888 1915 989 1981 nihilo
1018 1916 1122 1983 minus
1151 1917 1259 1983 omnia
1281 1917 1432 1983 curricula

279 2020 460 2086 coniecisse
483 2024 515 2086 et
536 2019 652 2086 vicisse
673 2027 798 2102 narrat,
827 2019 908 2083 baec
937 2019 1037 2083 verba
1058 2017 1150 2084 facit:
1185 2019 1261 2095 ,καὶ
1284 2011 1377 2084 οὐδέν
1398 2045 1431 2086 τι

283 2113 386 2208 ἧσσον
407 2124 538 2186 θέουσα
559 2118 594 2185 έν
616 2119 730 2206 κόσμῳ
753 2124 835 2206 περί
855 2142 891 2184 τε
913 2115 972 2206 τὴν
1001 2116 1123 2185 νύσσαν
1147 2117 1347 2209 ἐπέστρεφε,
1376 2124 1430 2187 καὶ

284 2220 360 2288 ἐπεὶ
381 2225 440 2308 τῆς
463 2220 646 2307 σάλπιγγος
668 2215 815 2310 ἤκουσεν,
839 2218 1036 2301 ἐπετάχυνεν
1056 2218 1090 2298 ἐς
1105 2222 1209 2287 πλέον
1224 2220 1283 2288 τὸν
1300 2221 1429 2309 δρόμον,

284 2323 413 2412 φθάνει
441 2348 477 2390 τε
505 2322 544 2412 δὴ
574 2323 631 2390 ἐπὶ
660 2322 738 2401 τοὺς
757 2319 985 2399 Ἑλλανοδίκας
1015 2315 1198 2412 ἀφικομένη
1227 2326 1284 2390 καὶ
1311 2327 1430 2390 νικῶσα

284 2426 366 2513 ’ἔγνω
388 2429 444 2493 καὶ
465 2425 612 2491 παύεται
633 2427 693 2490 τοῦ
717 2424 872 2512 δρόμου.“
917 2425 1039 2503 Quibus
1066 2447 1107 2492 ex
1129 2427 1237 2493 verbis
1260 2427 1320 2493 viri
1349 2428 1429 2494 docti

284 2529 505 2596 concluserunt
526 2534 698 2611 certantes,
728 2529 1001 2613 quotienscunque
1024 2537 1141 2596 metam
1165 2528 1354 2596 exteriorem
1376 2530 1429 2596 eir·

284 2631 563 2710 cumveherentur,
594 2630 712 2696 totiens
733 2630 779 2695 ibi
808 2632 955 2696 tubarum
984 2637 1138 2696 concentu
1167 2630 1324 2697 salutatos
1354 2651 1428 2716 esse,

283 2754 346 2818 quo
375 2732 473 2798 animi
502 2739 533 2797 et
561 2732 776 2813 agonistarum
807 2739 838 2798 et
868 2753 1019 2815 equorum
1049 2732 1091 2796 ad
1114 2731 1329 2816 superandum
1352 2734 1427 2817 peri·

284 2837 388 2901 culum
412 2832 673 2899 confirmarentur
695 2841 726 2899 et
748 2833 791 2900 ad
813 2835 1010 2900 celeritatem
1030 2835 1245 2900 incitarentur.
1285 2835 1327 2901 Ut
1342 2836 1426 2901 omit-

284 2947 350 3004 tam
372 2937 429 3001 tali
452 2935 618 3020 repentino
641 2935 791 3018 clangore
814 2955 914 3019 equos
934 2938 1039 3020 potins
1054 2935 1233 3022 perturbari
1248 2954 1344 3018 qnam
1360 2957 1427 3004 con-

282 3039 401 3106 firmari
429 3046 461 3105 et
490 3057 590 3121 prope
619 3043 736 3102 metam
770 3039 923 3123 impetum
955 3041 1062 3123 potius
1094 3037 1303 3103 inhibendum
1337 3057 1427 3120 qnam

282 3140 464 3222 augendum
487 3139 602 3223 luisse,
631 3148 666 3205 ut
689 3139 806 3206 deinde
828 3141 1080 3224 praetermittam
1103 3159 1272 3223 quaerere,
1303 3161 1427 3206 curnam

281 3243 315 3307 id
338 3260 437 3326 prope
459 3242 650 3307 exteriorem
674 3247 790 3307 metam
813 3243 916 3306 solam
939 3263 996 3308 nec
1020 3242 1117 3307 etiam
1136 3261 1236 3325 prope
1250 3241 1427 3309 interiorem

282 3345 401 3408 lactum
423 3343 465 3407 sit
486 3378 527 3386 —
549 3363 623 3407 nam
645 3343 707 3407 hoc
729 3343 919 3427 saepissime
947 3345 1121 3428 neglegunt
1148 3363 1211 3408 non
1235 3363 1344 3428 unam,
1373 3346 1427 3410 sed

282 3444 363 3510 duas
385 3451 487 3508 metas
509 3443 639 3527 paribus
669 3445 735 3509 lere
764 3445 1003 3511 condicionibus
1032 3446 1131 3510 l'uisse
1153 3481 1212 3528 —,
1240 3446 1340 3510 verba
1360 3446 1427 3530 ipsa

283 3544 439 3613 eiusmodi
468 3543 932 3630 interpretationi'repngnant.
977 3547 1068 3611 Tunc
1090 3547 1174 3613 enim
1202 3568 1261 3632 pro
1290 3541 1425 3633 ἤκουσαν

282 3655 412 3733 propter
440 3647 609 3731 repetitam
638 3647 795 3713 actionem
818 3649 1054 3732 exspectandus
1081 3655 1129 3714 est
1150 3650 1313 3733 optativus
1335 3642 1426 3714 ἀκού-

283 3772 381 3816 σειεν.
415 3740 628 3828 Ἐπετάχυυεν
652 3755 757 3833 potest
779 3757 811 3815 et
832 3751 1052 3834 imperfectum
1075 3757 1107 3815 et
1128 3753 1266 3818 aoristus
1282 3771 1366 3818 esse:
1386 3774 1425 3818 ex

281 3852 456 3919 indicativo
485 3850 596 3915 aoristi
625 3842 763 3934 ἤκουσεν
793 3854 946 3918 aoristum
976 3871 1047 3918 esse
1075 3859 1216 3938 apparet.
1261 3853 1345 3935 Ergo
1366 3875 1425 3920 non

282 3955 419 4038 repetita
440 3952 522 4020 actio
546 3961 580 4016 ut
601 3952 701 4018 verbo
731 3953 933 4020 antecedenti
963 3950 1164 4040 decorusque,
1196 3953 1282 4035 quod
1303 3955 1424 4039 saepius

223 4051 227 4059 '
282 4063 450 4136 utramque
471 4059 590 4118 metam
614 4049 687 4137 (eqo
710 4053 847 4137 νύσσαν)
870 4056 1028 4138 ambibat,
1059 4055 1118 4122 sed
1140 4076 1203 4121 una
1224 4061 1257 4121 et
1284 4057 1424 4124 absoluta
