3076 5020
854 1228 894 1294 A.

687 1377 750 1462 llll
777 1375 1073 1462 eliensibus

389 1583 580 1666 Priusquam
595 1582 639 1650 ad
653 1584 741 1668 ipsos
756 1601 901 1650 carceres
916 1583 1146 1652 describendos
1161 1583 1326 1668 aooedam,
1344 1586 1456 1668 paneis

303 1685 524 1768 lineamentis,
557 1703 641 1768 quae
670 1685 801 1768 quidem
829 1685 873 1752 ad
900 1687 1098 1752 intellectum
1126 1687 1310 1753 neeessarie
1336 1694 1455 1771 putem,

304 1790 402 1856 totius
435 1785 640 1871 hippodromi
673 1787 839 1854 formam
872 1785 1053 1855 delineabo.
1105 1787 1245 1855 Debeo
1276 1789 1355 1871 quid
1386 1789 1456 1871 ipse

304 1893 452 1973 sentiret,
486 1907 612 1956 meeum
639 1887 804 1956 Gurtius
832 1889 1158 1958 Waobsmutbius
1190 1891 1455 1970 eommuniearit3

305 1993 433 2077 seripsit
453 2011 532 2058 vero
553 1990 649 2058 haee:

387 2088 584 2161 ‘Dolendum
603 2112 681 2160 sane
696 2100 746 2160 est
759 2114 800 2160 ne
814 2113 899 2160 nune
914 2093 1045 2178 quidem
1060 2099 1161 2159 totam
1175 2093 1266 2158 illam
1281 2093 1457 2175 regionem,

305 2199 339 2264 in
367 2217 431 2281 qua
453 2195 682 2280 hippodromus
710 2196 824 2278 iacuit,
853 2194 1004 2262 effossam
1034 2215 1105 2262 esse
1132 2197 1242 2278 itaque
1270 2214 1327 2261 uos
1356 2193 1457 2275 firmo,
1524 2193 1525 2252 l

307 2320 370 2385 quo
392 2299 451 2365 niti
473 2298 643 2382 possimus,
665 2296 873 2364 fundamento
888 2299 986 2382 plane
1001 2316 1121 2364 carere,
1160 2296 1364 2363 Probabilem
1380 2314 1458 2362 vero
1524 2303 1525 2316 ¹

306 2401 394 2467 illius
422 2400 565 2484 speeiem
593 2404 629 2465 ut
653 2417 894 2483 recuperemus,
927 2387 1055 2466 videtur
1083 2397 1164 2464 mihi
1192 2397 1457 2482 proficiscendum

308 2521 379 2568 esse
401 2502 442 2568 ab
466 2520 514 2582 eo,
538 2519 601 2583 quo
616 2501 830 2582 aequabiliter
845 2502 1031 2586 oeteroquin
1052 2502 1085 2566 in
1106 2501 1221 2567 stadiis
1236 2500 1458 2582 similibusque

306 2603 456 2694 operibus
485 2601 618 2668 Graecis
651 2604 825 2687 oonspioua
857 2605 1085 2688 corrumpitur,
1120 2602 1207 2686 quod
1234 2608 1343 2667 tamen
1372 2609 1457 2668 nerto

306 2705 487 2771 Pausaniae
509 2704 690 2771 testimonio
712 2711 838 2771 oonstat
858 2705 995 2773 dicentis
1017 2705 1062 2770 Vl
1077 2707 1128 2788 20,
1147 2707 1200 2769 15:
1230 2706 1458 2788 παρεχομένου

305 2808 365 2871 τοῦ
388 2802 604 2891 ἱπποδρόμου
626 2803 841 2892 παρήκουσαν
870 2803 904 2882 ἐς
924 2806 1029 2874 nidos
1050 2802 1110 2891 τὴν
1132 2802 1248 2892 ἑτέραν
1269 2807 1335 2870 τῶν
1356 2805 1459 2869 πλεο-

306 2911 374 2994 ριῦν
402 2906 492 2974 ἔστιν
522 2905 581 2974 ἐπὶ
608 2904 667 2994 τὴς
694 2905 846 2991 μείζονος
873 2908 1021 2992 πλευρᾶς
1040 2908 1108 2973 κτλ.
1152 2905 1191 2972 Id
1219 2909 1324 2991 ipsum
1351 2915 1460 2976 autem

306 3013 363 3079 vix
388 3012 506 3096 poterit
534 3011 707 3095 explioari,
735 3011 799 3077 nisi
826 3010 909 3078 haee
936 3012 1001 3077 duo
1029 3016 1215 3077 statuamus.
1263 3010 1293 3088 1)
1320 3008 1400 3075 Sola
1428 3011 1459 3074 in
1523 3017 1524 3078 ἶ

307 3115 422 3181 dextra
442 3119 533 3197 parte
557 3111 710 3197 oppidum
724 3104 859 3196 (ἔφεσις
873 3113 940 3178 τῶν
956 3110 1088 3189 ἵππων)
1102 3118 1282 3178 extructum
1297 3118 1346 3177 est
1360 3109 1458 3194 idque
1523 3109 1524 3114 ’

307 3217 437 3300 oblique
459 3216 502 3282 ad
525 3217 717 3282 exteriorem
739 3223 856 3282 melam
880 3222 1029 3300 spectans
1051 3215 1105 3298 ila,
1128 3221 1163 3279 ut
1178 3211 1292 3279 dextro
1313 3215 1459 3297 margine

306 3337 365 3400 per
393 3337 541 3400 eampum
568 3318 716 3384 introitus
746 3319 890 3384 enrribus
917 3317 1066 3401 patuerit.
1111 3317 1143 3390 2)
1165 3316 1203 3380 In
1225 3315 1339 3382 eadem
1369 3323 1459 3398 parte

308 3419 389 3484 eitra
417 3418 570 3502 oppidum
598 3419 697 3485 iaouit
717 3419 860 3502 Agnapti
884 3419 1042 3502 porticus,
1072 3418 1161 3483 ouius
1187 3418 1307 3484 mentio
1335 3438 1398 3483 non
1427 3417 1460 3484 fit

307 3521 370 3587 nisi
392 3521 562 3586 ooniunota
589 3539 661 3586 oum
690 3520 819 3603 oppido.
865 3518 937 3598 Quo
964 3526 1097 3603 aooepto
1124 3526 1212 3586 reete
1240 3517 1392 3603 eflicitur,
1429 3525 1460 3584 ut

308 3621 458 3689 dextrum
472 3623 556 3688 latus
576 3623 705 3688 sinistro
719 3623 824 3705 magis
840 3620 1052 3688 contrahatur.
1091 3621 1269 3705 Utrumque
1283 3640 1358 3687 vero
1374 3620 1460 3704 qnod

306 3726 472 3810 posuimus
500 3722 625 3791 duabus
653 3730 822 3808 praeterea
843 3724 1019 3790 rationibus
1040 3724 1275 3807 comprobatur.
1318 3722 1460 3789 Primum

307 3829 397 3895 locus
419 3827 485 3910 ille,
508 3828 563 3910 qui
585 3826 629 3892 ad
647 3825 794 3892 dextram
814 3827 954 3910 portione
969 3827 1056 3890 alam
1070 3826 1232 3907 pertinuit,
1255 3831 1290 3890 nt
1303 3832 1459 3908 spectato·
1522 3893 1523 3898 ,

307 3931 396 3996 ribus
411 3929 534 3995 inutilis
548 3929 618 4011 fuit,
641 3929 688 3994 ite
701 3928 842 3993 maxime
856 3927 1002 4009 idoneus,
1024 3933 1135 4010 utpote
1150 3946 1273 4010 aequus
1289 3933 1321 3991 et
1335 3927 1458 4010 planus,
1522 3919 1523 3932 ¹

307 4029 493 4098 extruendis
516 4031 581 4097 illis
596 4030 761 4112 altaribus,
784 4049 867 4112 quae
882 4028 1060 4094 Pausanias
1079 4028 1107 4092 V
1126 4031 1211 4111 15,5
1234 4034 1460 4094 commemorat

307 4128 407 4210 (ἰόντι
429 4128 486 4196 ἐπὶ
514 4127 574 4215 τὴν
597 4124 718 4216 ἄφεσιν
740 4132 807 4195 τῶν
829 4129 947 4194 ἵππων
970 4127 1042 4193 ἔστι
1062 4127 1178 4211 βωμὸς
1198 4128 1291 4206 κτλ).
1335 4127 1460 4197 Deinde
